!Type:CCard
D02/07'2016
T0.00
CX
POpening Balance
L[Mastercad Black]
^
D02/07'2016
MCINEARTE POMPEIA
T-64.00
PIngresso
LC1. Lazer-Estetica-Vestuario-Celular:Cinema-Locadora-Esportes-Diversao
^
D02/07'2016
MMASSAS RICCI
T-44.00
PRestaurantes
LC1. Lazer-Estetica-Vestuario-Celular:Restaurantes
^
D02/07'2016
MBEEF BOUTIQUE
T-56.42
PRestaurantes
LC1. Lazer-Estetica-Vestuario-Celular:Restaurantes
^
D02/07'2016
MBACIO DI LATTE
T-74.00
PRestaurantes
LC1. Lazer-Estetica-Vestuario-Celular:Restaurantes
^
D02/07'2016
MPAO DE ACUCAR DELIVERY
T-835.43
PPao de Açucar
LB1. Alimentacao-Drogaria-Vet:Mercado-Padaria-Vinhos
^
D03/07'2016
MESTACIONAMENTO EINSTEI
T-50.00
PEstapar
LE1. Extraordinarias (Ongoing):Taxi-Estacionamento
^
D04/07'2016
METIENNE ROTISSERIA E B
T-41.80
PRestaurantes
LC1. Lazer-Estetica-Vestuario-Celular:Restaurantes
^
D09/07'2016
MEXTRA JAGUARE 1357
T-34.51
PExtra
LB1. Alimentacao-Drogaria-Vet:Mercado-Padaria-Vinhos
^
D09/07'2016
MECLAIR MOI
T-89.30
PRestaurantes
LC1. Lazer-Estetica-Vestuario-Celular:Restaurantes
^
D09/07'2016
MBABBO GIOVANNI
T-117.60
PRestaurantes
LC1. Lazer-Estetica-Vestuario-Celular:Restaurantes
^
D09/07'2016
MOSAKA III
T-208.56
PRestaurantes
LC1. Lazer-Estetica-Vestuario-Celular:Restaurantes
^
D09/07'2016
MTABACARIA VUELTA ABAJO
T-45.00
POutros
LE1. Extraordinarias (Ongoing):Residencia Moveis-Eletro-Servicos
^
D10/07'2016
MFRANGO FRITO
T-69.52
PRestaurantes
LC1. Lazer-Estetica-Vestuario-Celular:Restaurantes
^
D11/07'2016
MOUTBACK BZ 33 VILA LOB
T-63.69
PRestaurantes
LC1. Lazer-Estetica-Vestuario-Celular:Restaurantes
^
D11/07'2016
MMILANO COMERCIO VAREJI
T-36.00
POutros
L[Residencia Lorian]
^
D11/07'2016
MHORA PARK SISTEMA*HORA
T-15.00
PEstapar
LE1. Extraordinarias (Ongoing):Taxi-Estacionamento
^
D12/07'2016
MCANTO DA MATA FORNERIA
T-116.05
PRestaurantes
LC1. Lazer-Estetica-Vestuario-Celular:Restaurantes
^
D13/07'2016
METIENNE ROTISSERIA E B
T-72.10
PRestaurantes
LC1. Lazer-Estetica-Vestuario-Celular:Restaurantes
^
D13/07'2016
MENGLISH CAMP 01/10
T-266.00
PEnglish Camp
LD. Viagens:Tkt-Hotel-Auto
^
D13/07'2016
MENGLISH CAMP 02/10
T-266.00
PEnglish Camp
LD. Viagens:Tkt-Hotel-Auto
^
D15/07'2016
MTINTAS FAMOSAS
T-8.56
POutros
LE1. Extraordinarias (Ongoing):Residencia Moveis-Eletro-Servicos
^
D15/07'2016
MMANAGER ALL
T-62.90
PRestaurantes
LC1. Lazer-Estetica-Vestuario-Celular:Restaurantes
^
D15/07'2016
MPAGFORTE II
T-100.00
POutros
LE2. Extraordinarias (One Time):Outras
^
D15/07'2016
MINTIMISSIMI 01/04
T-51.70
PIntimissimi
LC1. Lazer-Estetica-Vestuario-Celular:Vestuario Eduardo-Carla
^
D15/07'2016
MR24 VILLA LOBOS
T-119.00
POutros
LC1. Lazer-Estetica-Vestuario-Celular:Vestuario Eduardo-Carla
^
D15/07'2016
MMOB
T-159.00
POutros
LC1. Lazer-Estetica-Vestuario-Celular:Vestuario Eduardo-Carla
^
D15/07'2016
MINTIMISSIMI 02/04
T-51.70
PIntimissimi
LC1. Lazer-Estetica-Vestuario-Celular:Vestuario Eduardo-Carla
^
D16/07'2016
MDRL PAES E DOCES LTDA
T-92.85
PRestaurantes
LC1. Lazer-Estetica-Vestuario-Celular:Restaurantes
^
D18/07'2016
MCASA DE ESFIHA HARMONI
T-55.30
PRestaurantes
LC1. Lazer-Estetica-Vestuario-Celular:Restaurantes
^
D18/07'2016
MSIK LANCHES
T-55.00
PRestaurantes
LC1. Lazer-Estetica-Vestuario-Celular:Restaurantes
^
D18/07'2016
MCOBASI OSASCO
T-121.30
POutros
L[Residencia Lorian]
^
D19/07'2016
MBRABUS 01/04
T-413.92
POutros
LF. Automoveis:Manutencao-Revisao Auto
^
D19/07'2016
MTRATTORIA DO PIETRO
T-45.35
PRestaurantes
LC1. Lazer-Estetica-Vestuario-Celular:Restaurantes
^
D20/07'2016
MTUHU
T-28.98
PTuhu
LC1. Lazer-Estetica-Vestuario-Celular:Restaurantes
^
D21/07'2016
MINOVAR COM DE MET 01/03 PUXADOR
T-160.68
PInovar Ferragens
L[Residencia Lorian]
^
D21/07'2016
MZ DELI SANDUICHES
T-104.50
PRestaurantes
LC1. Lazer-Estetica-Vestuario-Celular:Restaurantes
^
D21/07'2016
MZARA-SH.VILLA LOBO01/05
T-166.00
PZara
LC1. Lazer-Estetica-Vestuario-Celular:Vestuario Eduardo-Carla
^
D21/07'2016
MMILANO COMERCIO VAREJI
T-53.00
POutros
L[Residencia Lorian]
^
D22/07'2016
MTUHU
T-35.19
PTuhu
LC1. Lazer-Estetica-Vestuario-Celular:Restaurantes
^
D22/07'2016
MCICLO DE VIDA
T-700.00
PMarcelo Silber
LG. Reembolsaveis:Medicos-Clinicas-Exames
^
D22/07'2016
MESTACIONAMENTO EINSTEI
T-34.00
PEstapar
LE1. Extraordinarias (Ongoing):Taxi-Estacionamento
^
D23/07'2016
MBRASCATTA
T-274.34
PRestaurantes
LC1. Lazer-Estetica-Vestuario-Celular:Restaurantes
^
D23/07'2016
MTERMINI
T-20.00
PRestaurantes
LC1. Lazer-Estetica-Vestuario-Celular:Restaurantes
^
D23/07'2016
MAR FAST FOOD DO BRASIL
T-10.00
PRestaurantes
LC1. Lazer-Estetica-Vestuario-Celular:Restaurantes
^
D23/07'2016
MBOBS
T-7.00
PRestaurantes
LC1. Lazer-Estetica-Vestuario-Celular:Restaurantes
^
D23/07'2016
MMASSAS RICCI
T-69.70
PRestaurantes
LC1. Lazer-Estetica-Vestuario-Celular:Restaurantes
^
D23/07'2016
MULTRAGAZ AVANCO
T-62.00
PUltragaz
LA1. Residencia Villas:Gas
^
D23/07'2016
MPAGSEGUROUOL*Jcecconi
T-135.00
POutros
LE2. Extraordinarias (One Time):Outras
^
D25/07'2016
MLEROY MERLIN 01/03
T-126.19
PLeroy Merlin
L[Residencia Lorian]
^
D25/07'2016
MLEROY MERLIN
T-26.90
PLeroy Merlin
L[Residencia Lorian]
^
D25/07'2016
MTUHU
T-24.17
PTuhu
LC1. Lazer-Estetica-Vestuario-Celular:Restaurantes
^
D26/07'2016
MEXPRESSO PAO DE QUEIJO
T-11.00
PRestaurantes
LC1. Lazer-Estetica-Vestuario-Celular:Restaurantes
^
D26/07'2016
MSANTO ANTONIO MATERIAI
T-51.90
POutros
L[Residencia Lorian]
^
D26/07'2016
MLEROY MERLIN RAPOSO
T-20.68
PLeroy Merlin
L[Residencia Lorian]
^
D26/07'2016
MIOF COMPRA INTERNACIONA 7.64 (U. S. DOLLAR)
T-25.29
PGoverno
LH. Impostos Federais:CPMF-IOF
^
D26/07'2016
MAMAZON MKTPLACE PMTS 119.69 (U.S.DOLLAR)
T-396.18
PAmazon
LD. Viagens:Compras
^
D28/07'2016
METIENNE ROTISSERIA E B
T-28.05
PRestaurantes
LC1. Lazer-Estetica-Vestuario-Celular:Restaurantes
^
D29/07'2016
MDROGASIL 170 01/03
T-52.18
PDrogaria
LB1. Alimentacao-Drogaria-Vet:Drogaria
^
D29/07'2016
MMILANO COMERCIO VAREJI
T-36.00
POutros
L[Residencia Lorian]
^
D29/07'2016
MEMPORIO DAS COMIDAS
T-35.10
PRestaurantes
LC1. Lazer-Estetica-Vestuario-Celular:Restaurantes
^
D29/07'2016
MPAO DE ACUCAR DELIVERY
T-876.60
PPao de Açucar
LB1. Alimentacao-Drogaria-Vet:Mercado-Padaria-Vinhos
^
D31/07'2016
MOUTBACK BZ 14 MARKET P
T-165.00
PRestaurantes
LC1. Lazer-Estetica-Vestuario-Celular:Restaurantes
^
D31/07'2016
MAUTHENTIC FEET-V.L01/03
T-50.01
POutros
LC1. Lazer-Estetica-Vestuario-Celular:Vestuario Marina-Felipe
^
D01/08'2016
MPERS BLACK  3602-0104
T3,124.59
PMastercad Black
L[Itau Personnalité]
^
D01/08'2016
MCARREFOUR SPV 250
T-63.27
PSupermercado
LB1. Alimentacao-Drogaria-Vet:Mercado-Padaria-Vinhos
^
D01/08'2016
MTUHU
T-23.98
PTuhu
LC1. Lazer-Estetica-Vestuario-Celular:Restaurantes
^
D02/08'2016
MTUHU
T-28.46
PTuhu
LC1. Lazer-Estetica-Vestuario-Celular:Restaurantes
^
D02/08'2016
MIDOMESTICA
T-14.90
POutros
LE1. Extraordinarias (Ongoing):Assinaturas-Licencas
^
D03/08'2016
MSTA ETIENNE
T-89.08
PRestaurantes
LC1. Lazer-Estetica-Vestuario-Celular:Restaurantes
^
D03/08'2016
MLOTUS SPA
T-90.00
POutros
LC1. Lazer-Estetica-Vestuario-Celular:Estetica-Massagem
^
D03/08'2016
MDROGA RAIA F313
T-4.96
PDrogaria
LB1. Alimentacao-Drogaria-Vet:Drogaria
^
D04/08'2016
MTUHU
T-23.79
PTuhu
LC1. Lazer-Estetica-Vestuario-Celular:Restaurantes
^
D04/08'2016
MAMAZON.COM.BR
T-36.21
PAmazon
LD. Viagens:Compras
^
D05/08'2016
MDIVINO FOGAO COMIDA TI
T-29.80
PRestaurantes
LC1. Lazer-Estetica-Vestuario-Celular:Restaurantes
^
D05/08'2016
MDROGASIL 306
T-22.76
PDrogaria
LB1. Alimentacao-Drogaria-Vet:Drogaria
^
D05/08'2016
MAUTO BRASIL ESTACIONAM
T-7.00
PEstapar
LE1. Extraordinarias (Ongoing):Taxi-Estacionamento
^
D08/08'2016
MTUHU
T-25.38
PTuhu
LC1. Lazer-Estetica-Vestuario-Celular:Restaurantes
^
D09/08'2016
MVILLA COLMEIA PAES E C
T-20.80
PRestaurantes
LC1. Lazer-Estetica-Vestuario-Celular:Restaurantes
^
D09/08'2016
MVIENA ALBERT EINSTEIN.
T-84.59
PRestaurantes
LC1. Lazer-Estetica-Vestuario-Celular:Restaurantes
^
D09/08'2016
MVIENA ALBERT EINSTEIN.
T-13.00
PRestaurantes
LC1. Lazer-Estetica-Vestuario-Celular:Restaurantes
^
D09/08'2016
MESTACIONAMENTO EINSTEI
T-150.00
PEstapar
LE1. Extraordinarias (Ongoing):Taxi-Estacionamento
^
D09/08'2016
MPOLOAR 01/03
T-4,296.68
PPoloar
L[Residencia Lorian]
^
D10/08'2016
MPOSTO PROVIDENCIA II
T-50.00
PCombustível
LF. Automoveis:Combustivel-Lavagem-Oleo
^
D10/08'2016
MVIENA ALBERT EINSTEIN.
T-13.50
PRestaurantes
LC1. Lazer-Estetica-Vestuario-Celular:Restaurantes
^
D11/08'2016
MFELIPE WASH CAR LTDA M
T-40.00
POutros
LF. Automoveis:Combustivel-Lavagem-Oleo
^
D11/08'2016
MVIENA ALBERT EINSTEIN.
T-85.69
PRestaurantes
LC1. Lazer-Estetica-Vestuario-Celular:Restaurantes
^
D11/08'2016
MVIENA ALBERT EINSTEIN.
T-8.00
PRestaurantes
LC1. Lazer-Estetica-Vestuario-Celular:Restaurantes
^
D11/08'2016
MPAO DO PARQUE
T-19.79
PPao do Parque
LB1. Alimentacao-Drogaria-Vet:Mercado-Padaria-Vinhos
^
D12/08'2016
MGME COMERCIO VAREJ
T-30.50
POutros
L[Residencia Lorian]
^
D12/08'2016
MVIENA ALBERT EINSTEIN.
T-46.09
PRestaurantes
LC1. Lazer-Estetica-Vestuario-Celular:Restaurantes
^
D12/08'2016
MVIENA ALBERT EINSTEIN.
T-18.00
PRestaurantes
LC1. Lazer-Estetica-Vestuario-Celular:Restaurantes
^
D12/08'2016
MVIENA ALBERT EINSTEIN.
T-69.30
PRestaurantes
LC1. Lazer-Estetica-Vestuario-Celular:Restaurantes
^
D13/08'2016
MPAO DO PARQUE
T-67.15
PPao do Parque
LB1. Alimentacao-Drogaria-Vet:Mercado-Padaria-Vinhos
^
D13/08'2016
MREST FUJIYAMA
T-194.92
PRestaurantes
LC1. Lazer-Estetica-Vestuario-Celular:Restaurantes
^
D13/08'2016
MMILANO COMERCIO VAREJI
T-47.00
POutros
L[Residencia Lorian]
^
D14/08'2016
MULTRAGAZ AVANCO
T-62.00
PUltragaz
LA1. Residencia Villas:Gas
^
D14/08'2016
MMASSAS RICCI
T-81.00
PRestaurantes
LC1. Lazer-Estetica-Vestuario-Celular:Restaurantes
^
D14/08'2016
MPAO DO PARQUE II
T-17.27
PPao do Parque
LB1. Alimentacao-Drogaria-Vet:Mercado-Padaria-Vinhos
^
D14/08'2016
MDROGARIA SAO PAULO S A
T-36.10
PDrogaria
LB1. Alimentacao-Drogaria-Vet:Drogaria
^
D14/08'2016
MESTACIONAMENTO EINSTEI
T-18.00
PEstapar
LE1. Extraordinarias (Ongoing):Taxi-Estacionamento
^
D15/08'2016
MOUTBACK BZ 33 VILA LOB
T-59.89
PRestaurantes
LC1. Lazer-Estetica-Vestuario-Celular:Restaurantes
^
D15/08'2016
MMILANO COMERCIO VAREJI
T-17.00
POutros
LE1. Extraordinarias (Ongoing):Residencia Moveis-Eletro-Servicos
^
D16/08'2016
MESTACIONAMENTO EINSTEI
T-18.00
PEstapar
LE1. Extraordinarias (Ongoing):Taxi-Estacionamento
^
D18/08'2016
MROCK E RIBS COMERCIO
T-55.88
PRestaurantes
LC1. Lazer-Estetica-Vestuario-Celular:Restaurantes
^
D18/08'2016
MTELHANORTE OSASCO
T-188.80
PTelhanorte
L[Residencia Lorian]
^
D19/08'2016
MBRABUS
T0.03
POutros
LB. Outras Receitas:Ajustes
^
D19/08'2016
MBRABUS 02/04
T-413.92
POutros
LF. Automoveis:Manutencao-Revisao Auto
^
D19/08'2016
MLANCHONETE VINEX
T-126.00
PRestaurantes
LC1. Lazer-Estetica-Vestuario-Celular:Restaurantes
^
D20/08'2016
MZEKA CABELEREIRO
T-60.00
PZeka Cabelereiro
LC1. Lazer-Estetica-Vestuario-Celular:Estetica-Massagem
^
D20/08'2016
MMASSAS RICCI
T-47.60
PRestaurantes
LC1. Lazer-Estetica-Vestuario-Celular:Restaurantes
^
D20/08'2016
MFIRENZE
T-23.02
PRestaurantes
LC1. Lazer-Estetica-Vestuario-Celular:Restaurantes
^
D20/08'2016
MBEEF BOUTIQUE
T-60.93
PRestaurantes
LC1. Lazer-Estetica-Vestuario-Celular:Restaurantes
^
D20/08'2016
MRI HAPPY BRINQUEDO01/02
T-65.00
PRi Happy
LE1. Extraordinarias (Ongoing):Presentes
^
D20/08'2016
MLE LIS VILA LOBOS 01/03
T-59.98
POutros
LC1. Lazer-Estetica-Vestuario-Celular:Vestuario Eduardo-Carla
^
D20/08'2016
MMEIAO MEIAS COMERCIAL
T-138.50
POutros
LC1. Lazer-Estetica-Vestuario-Celular:Vestuario Eduardo-Carla
^
D21/08'2016
MINOVAR COM DE MET E FE
T0.04
POutros
LB. Outras Receitas:Ajustes
^
D21/08'2016
MINOVAR COM DE MET 02/03 puxador porta principal
T-160.68
PInovar Ferragens
L[Residencia Lorian]
^
D21/08'2016
MMASSAS RICCI
T-62.00
PRestaurantes
LC1. Lazer-Estetica-Vestuario-Celular:Restaurantes
^
D21/08'2016
MLEROY MERLIN
T-44.84
PLeroy Merlin
L[Residencia Lorian]
^
D21/08'2016
MTELHANORTE OSASCO
T-33.90
PTelhanorte
L[Residencia Lorian]
^
D21/08'2016
MEXTRA JAGUARE 1357
T-237.38
PExtra
LB1. Alimentacao-Drogaria-Vet:Mercado-Padaria-Vinhos
^
D21/08'2016
MSP MATE
T-10.01
PRestaurantes
LC1. Lazer-Estetica-Vestuario-Celular:Restaurantes
^
D21/08'2016
MZARA-SH.VILLA LOBO02/05
T-166.00
PZara
LC1. Lazer-Estetica-Vestuario-Celular:Vestuario Eduardo-Carla
^
D22/08'2016
MSTA ETIENNE
T-28.05
PRestaurantes
LC1. Lazer-Estetica-Vestuario-Celular:Restaurantes
^
D22/08'2016
MBOBS
T-17.00
PRestaurantes
LC1. Lazer-Estetica-Vestuario-Celular:Restaurantes
^
D22/08'2016
MBOBS
T-16.00
PRestaurantes
LC1. Lazer-Estetica-Vestuario-Celular:Restaurantes
^
D22/08'2016
MDEPOSITO NOROESTE
T-51.69
POutros
L[Residencia Lorian]
^
D22/08'2016
MESTACIONAMENTO EINSTEI
T-34.00
PEstapar
LE1. Extraordinarias (Ongoing):Taxi-Estacionamento
^
D23/08'2016
MGME COMERCIO VAREJ
T-22.90
POutros
L[Residencia Lorian]
^
D23/08'2016
MRESTAURANTE HIRO
T-56.65
PRestaurantes
LC1. Lazer-Estetica-Vestuario-Celular:Restaurantes
^
D23/08'2016
MDROGARIA SAO PAULO S A
T-16.55
PDrogaria
LB1. Alimentacao-Drogaria-Vet:Drogaria
^
D24/08'2016
MDROGA RAIA F106
T-23.18
PDrogaria
LB1. Alimentacao-Drogaria-Vet:Drogaria
^
D24/08'2016
MPAO DO PARQUE II
T-31.14
PPao do Parque
LB1. Alimentacao-Drogaria-Vet:Mercado-Padaria-Vinhos
^
D25/08'2016
MLEROY MERLIN
T0.04
PLeroy Merlin
LB. Outras Receitas:Ajustes
^
D25/08'2016
MLEROY MERLIN 02/03
T-126.19
PLeroy Merlin
L[Residencia Lorian]
^
D25/08'2016
MVILLA COLMEIA PAES E C
T-17.60
PRestaurantes
LC1. Lazer-Estetica-Vestuario-Celular:Restaurantes
^
D25/08'2016
MTUHU
T-27.11
PTuhu
LC1. Lazer-Estetica-Vestuario-Celular:Restaurantes
^
D25/08'2016
MEC*GODADDYCOM
T-17.98
POutros
LE1. Extraordinarias (Ongoing):Assinaturas-Licencas
^
D26/08'2016
MSTA ETIENNE
T-34.10
PRestaurantes
LC1. Lazer-Estetica-Vestuario-Celular:Restaurantes
^
D26/08'2016
MHERING VILLA LOBOS
T-54.99
POutros
LC1. Lazer-Estetica-Vestuario-Celular:Vestuario Eduardo-Carla
^
D26/08'2016
MC E A 275
T-29.98
POutros
LC1. Lazer-Estetica-Vestuario-Celular:Vestuario Eduardo-Carla
^
D26/08'2016
MBAKED POTATO
T-23.95
PRestaurantes
LC1. Lazer-Estetica-Vestuario-Celular:Restaurantes
^
D26/08'2016
MBURGER KING SHOPPING V
T-23.90
PRestaurantes
LC1. Lazer-Estetica-Vestuario-Celular:Restaurantes
^
D26/08'2016
MEC*GODADDYCOM
T-4.72
POutros
LE1. Extraordinarias (Ongoing):Assinaturas-Licencas
^
D27/08'2016
MGME COMERCIO VAREJ
T-17.00
POutros
L[Residencia Lorian]
^
D27/08'2016
MRESTAURANTE HIRO
T-126.50
PRestaurantes
LC1. Lazer-Estetica-Vestuario-Celular:Restaurantes
^
D28/08'2016
MPERCUSSI ROSSERI
T-435.52
PRestaurantes
LC1. Lazer-Estetica-Vestuario-Celular:Restaurantes
^
D29/08'2016
MDROGASIL 170 02/03
T-52.18
PDrogaria
LB1. Alimentacao-Drogaria-Vet:Drogaria
^
D29/08'2016
MSANTO ANTONIO MATERIAI
T-60.50
POutros
L[Residencia Lorian]
^
D30/08'2016
MPANDA
T-73.70
POutros
LC1. Lazer-Estetica-Vestuario-Celular:Vestuario Eduardo-Carla
^
D30/08'2016
MHORA PARK SISTEMA*HORA
T-20.00
PEstapar
LE1. Extraordinarias (Ongoing):Taxi-Estacionamento
^
D31/08'2016
MAUTHENTIC FEET-V.LOBOS
T0.04
POutros
LB. Outras Receitas:Ajustes
^
D31/08'2016
MAUTHENTIC FEET-V.L02/03
T-50.01
POutros
LC1. Lazer-Estetica-Vestuario-Celular:Vestuario Eduardo-Carla
^
D01/09'2016
MPERS BLACK  3602-0104
T10,491.58
PMastercad Black
L[Itau Personnalité]
^
D01/09'2016
MSTA ETIENNE
T-33.11
PRestaurantes
LC1. Lazer-Estetica-Vestuario-Celular:Restaurantes
^
D01/09'2016
MULTRAGAZ AVANCO
T-124.00
PUltragaz
LA1. Residencia Villas:Gas
^
D01/09'2016
MRAIA DROGASIL 547 CENT
T-14.99
PDrogaria
LB1. Alimentacao-Drogaria-Vet:Drogaria
^
D01/09'2016
MCACAU SHOW
T-21.30
PRestaurantes
LC1. Lazer-Estetica-Vestuario-Celular:Restaurantes
^
D02/09'2016
MPLENA VISAO
T-120.00
POutros
LF. Automoveis:Registros-Transferencias-Inspecao
^
D03/09'2016
MAPPLEBEE S
T-261.47
PRestaurantes
LC1. Lazer-Estetica-Vestuario-Celular:Restaurantes
^
D03/09'2016
MREGINA EPP
T-52.00
POutros
L[Residencia Lorian]
^
D03/09'2016
MCENTRO DE COMBUSTIVEIS
T-254.00
PCombustível
LF. Automoveis:Combustivel-Lavagem-Oleo
^
D04/09'2016
MLASTPASS.COM USD 12
T-41.40
POutros
LE1. Extraordinarias (Ongoing):Assinaturas-Licencas
^
D05/09'2016
MGME COMERCIO VAREJ
T-22.90
POutros
L[Residencia Lorian]
^
D05/09'2016
MCOM MAT P CONST PEL
T-93.50
POutros
L[Residencia Lorian]
^
D05/09'2016
MFRUTARIA SAO FRANCIS
T-8.40
PSupermercado
LB1. Alimentacao-Drogaria-Vet:Mercado-Padaria-Vinhos
^
D05/09'2016
MMANAGER ALL
T-36.63
PRestaurantes
LC1. Lazer-Estetica-Vestuario-Celular:Restaurantes
^
D05/09'2016
MPAO DE ACUCAR DELIVERY
T-878.57
PPao de Açucar
LB1. Alimentacao-Drogaria-Vet:Mercado-Padaria-Vinhos
^
D06/09'2016
MTRATTORIA DO PIETRO
T-73.15
PRestaurantes
LC1. Lazer-Estetica-Vestuario-Celular:Restaurantes
^
D06/09'2016
MLOJAS AMERICANAS 388
T-10.99
POutros
LE1. Extraordinarias (Ongoing):Residencia Moveis-Eletro-Servicos
^
D06/09'2016
MVITOR CESAR PEREIRA -
T-27.80
PRestaurantes
LC1. Lazer-Estetica-Vestuario-Celular:Restaurantes
^
D06/09'2016
MCACAU SHOW
T-25.90
PRestaurantes
LC1. Lazer-Estetica-Vestuario-Celular:Restaurantes
^
D06/09'2016
MIOF COMPRA INTERNACIONA USD 0.77
T-2.66
PGoverno
LH. Impostos Federais:CPMF-IOF
^
D07/09'2016
MBEEF BOUTIQUE
T-107.55
PRestaurantes
LC1. Lazer-Estetica-Vestuario-Celular:Restaurantes
^
D07/09'2016
MCASA ESFIHA
T-55.40
PRestaurantes
LC1. Lazer-Estetica-Vestuario-Celular:Restaurantes
^
D08/09'2016
MSANTO ANTONIO MATERIAI
T-16.00
POutros
L[Residencia Lorian]
^
D08/09'2016
MCANTO DA MATA FORNERIA
T-128.26
PRestaurantes
LC1. Lazer-Estetica-Vestuario-Celular:Restaurantes
^
D08/09'2016
MAR FAST FOOD DO BRASIL
T-17.00
PRestaurantes
LC1. Lazer-Estetica-Vestuario-Celular:Restaurantes
^
D09/09'2016
MBABBO GIOVANNI
T-36.93
PRestaurantes
LC1. Lazer-Estetica-Vestuario-Celular:Restaurantes
^
D09/09'2016
MPOLOAR
T0.04
POutros
LB. Outras Receitas:Ajustes
^
D09/09'2016
MPOLOAR 02/03
T-4,296.68
PPoloar
L[Residencia Lorian]
^
D10/09'2016
MMANAGER ALL
T-70.70
PRestaurantes
LC1. Lazer-Estetica-Vestuario-Celular:Restaurantes
^
D10/09'2016
MDROGARIA SAO PAULO S A
T-49.22
PDrogaria
LB1. Alimentacao-Drogaria-Vet:Drogaria
^
D12/09'2016
MKAISHI S C JAP LTDA
T-57.51
PRestaurantes
LC1. Lazer-Estetica-Vestuario-Celular:Restaurantes
^
D13/09'2016
MIMPERIO MINEIRO
T-37.57
PRestaurantes
LC1. Lazer-Estetica-Vestuario-Celular:Restaurantes
^
D13/09'2016
MENGLISH CAMP 03/10
T-266.00
PEnglish Camp
LD. Viagens:Tkt-Hotel-Auto
^
D14/09'2016
MSANTO ANTONIO MATERIAI
T-15.80
POutros
L[Residencia Lorian]
^
D15/09'2016
MTINTAS FAMOSAS 01/03
T-124.00
PTintas Famosas
L[Residencia Lorian]
^
D15/09'2016
MBABBO GIOVANNI
T-39.13
PRestaurantes
LC1. Lazer-Estetica-Vestuario-Celular:Restaurantes
^
D15/09'2016
MC&C OSASCO
T-186.70
PC&C
L[Residencia Lorian]
^
D15/09'2016
MINTIMISSIMI 03/04
T-51.70
PIntimissimi
LC1. Lazer-Estetica-Vestuario-Celular:Vestuario Eduardo-Carla
^
D16/09'2016
MRESTAURANTE HIRO
T-79.42
PRestaurantes
LC1. Lazer-Estetica-Vestuario-Celular:Restaurantes
^
D18/09'2016
MDB DIFERENCA COTACAO U$
T-10.16
PMastercad Black
LB. Outras Receitas:Ajustes
^
D19/09'2016
MBRABUS 03/04
T-413.92
POutros
LF. Automoveis:Manutencao-Revisao Auto
^
D20/09'2016
MRI HAPPY BRINQUEDO02/02
T-65.00
PRi Happy
LE1. Extraordinarias (Ongoing):Presentes
^
D20/09'2016
MLE LIS VILA LOBOS 02/03
T-59.98
POutros
LE1. Extraordinarias (Ongoing):Presentes
^
D21/09'2016
MINOVAR COM DE MET 03/03 puxador
T-160.68
PInovar Ferragens
L[Residencia Lorian]
^
D21/09'2016
MZARA-SH.VILLA LOBO03/05
T-166.00
PZara
LE1. Extraordinarias (Ongoing):Presentes
^
D25/09'2016
MLEROY MERLIN 03/03
T-126.19
PLeroy Merlin
L[Residencia Lorian]
^
D29/09'2016
MDROGASIL 170 03/03
T-52.18
PDrogaria
LB1. Alimentacao-Drogaria-Vet:Drogaria
^
D30/09'2016
MAUTHENTIC FEET-V.L03/03
T-50.01
POutros
LC1. Lazer-Estetica-Vestuario-Celular:Vestuario Marina-Felipe
^
D01/10'2016
MTF D E D
T-14.85
PRestaurantes
LC1. Lazer-Estetica-Vestuario-Celular:Restaurantes
^
D01/10'2016
MAUTO VAGAS WTC
T-25.00
PEstapar
LE1. Extraordinarias (Ongoing):Taxi-Estacionamento
^
D01/10'2016
MNICO COOK COMERCIO DE
T-16.00
PRestaurantes
LC1. Lazer-Estetica-Vestuario-Celular:Restaurantes
^
D01/10'2016
MVIENA EXPRESS D E
T-70.07
PRestaurantes
LC1. Lazer-Estetica-Vestuario-Celular:Restaurantes
^
D01/10'2016
MRI HAPPY BRINQUEDO01/03
T-66.67
PRi Happy
LE1. Extraordinarias (Ongoing):Presentes
^
D02/10'2016
MPEIXARIA BAR E VENDA
T-238.15
PRestaurantes
LC1. Lazer-Estetica-Vestuario-Celular:Restaurantes
^
D03/10'2016
MPERS BLACK  3602-0104
T11,290.73
PMastercad Black
L[Itau Personnalité]
^
D03/10'2016
MLEROY MERLIN RAPOS01/03
T-128.17
PLeroy Merlin
L[Residencia Lorian]
^
D03/10'2016
MESPACO VILLA GOURMET
T-28.87
PRestaurantes
LC1. Lazer-Estetica-Vestuario-Celular:Restaurantes
^
D06/10'2016
MTELHANORTE OSASCO 01/03
T-110.87
PTelhanorte
L[Residencia Lorian]
^
D06/10'2016
MGME COMERCIO VAREJ
T-11.20
PRestaurantes
LC1. Lazer-Estetica-Vestuario-Celular:Restaurantes
^
D06/10'2016
MULTRAGAZ AVANCO
T-65.00
PUltragaz
LA1. Residencia Villas:Gas
^
D06/10'2016
MECOMMERCE MAMBO TATUAP
T-714.33
PMambo Supermercado
LB1. Alimentacao-Drogaria-Vet:Mercado-Padaria-Vinhos
^
D06/10'2016
MESPACO VILLA GOURMET
T-28.96
PRestaurantes
LC1. Lazer-Estetica-Vestuario-Celular:Restaurantes
^
D07/10'2016
MADIDAS DO BRASIL G01/02
T-71.99
POutros
LC1. Lazer-Estetica-Vestuario-Celular:Vestuario Marina-Felipe
^
D07/10'2016
MNIKE CATARINA 01/02
T-144.85
POutros
LC1. Lazer-Estetica-Vestuario-Celular:Vestuario Marina-Felipe
^
D07/10'2016
MG & G AUTO POSTO
T-100.00
PCombustível
LF. Automoveis:Combustivel-Lavagem-Oleo
^
D07/10'2016
MINBRANDS CATARINA
T-179.00
POutros
LC1. Lazer-Estetica-Vestuario-Celular:Vestuario Marina-Felipe
^
D07/10'2016
MOUTBACK BZ 60 CATARINA
T-128.37
PRestaurantes
LC1. Lazer-Estetica-Vestuario-Celular:Restaurantes
^
D07/10'2016
MOUTLET SP CATARINA01/03
T-173.06
POutros
LC1. Lazer-Estetica-Vestuario-Celular:Vestuario Marina-Felipe
^
D07/10'2016
MFOREVER21 CATARINA01/03
T-47.74
POutros
LC1. Lazer-Estetica-Vestuario-Celular:Vestuario Marina-Felipe
^
D07/10'2016
MNIKE CATARINA
T-41.93
POutros
LC1. Lazer-Estetica-Vestuario-Celular:Vestuario Marina-Felipe
^
D07/10'2016
MPRISCILA SEIN - EPP
T-125.00
POutros
LC1. Lazer-Estetica-Vestuario-Celular:Vestuario Marina-Felipe
^
D08/10'2016
MPRIME BURGUER
T-251.57
PRestaurantes
LC1. Lazer-Estetica-Vestuario-Celular:Restaurantes
^
D08/10'2016
MSARAIVA ITAIM 55
T-96.80
POutros
LE1. Extraordinarias (Ongoing):Residencia Moveis-Eletro-Servicos
^
D08/10'2016
M5 A SEC
T-70.00
PIG Lavanderia
LE1. Extraordinarias (Ongoing):Residencia Moveis-Eletro-Servicos
^
D08/10'2016
M5 A SEC
T-30.00
PIG Lavanderia
LE1. Extraordinarias (Ongoing):Residencia Moveis-Eletro-Servicos
^
D09/10'2016
MPAO DO PARQUE
T-12.65
PPao do Parque
LB1. Alimentacao-Drogaria-Vet:Mercado-Padaria-Vinhos
^
D09/10'2016
MPOLOAR 03/03
T-4,296.68
PPoloar
L[Residencia Lorian]
^
D10/10'2016
MDRL PAES E DOCES LTDA
T-33.11
PRestaurantes
LC1. Lazer-Estetica-Vestuario-Celular:Restaurantes
^
D10/10'2016
MDROGA RAIA F313
T-83.93
PDrogaria
LB1. Alimentacao-Drogaria-Vet:Drogaria
^
D10/10'2016
MRAIA DROGASIL 547 CENT
T-82.52
PDrogaria
LB1. Alimentacao-Drogaria-Vet:Drogaria
^
D11/10'2016
MMETALFERCO batedores de porta
T-146.00
PMetalferco
L[Residencia Lorian]
^
D11/10'2016
MIMPERIO MINEIRO
T-2.82
PRestaurantes
LC1. Lazer-Estetica-Vestuario-Celular:Restaurantes
^
D11/10'2016
MIMPERIO MINEIRO
T-36.13
PRestaurantes
LC1. Lazer-Estetica-Vestuario-Celular:Restaurantes
^
D12/10'2016
MMASSA RICCI
T-110.98
PRestaurantes
LC1. Lazer-Estetica-Vestuario-Celular:Restaurantes
^
D12/10'2016
MBABBO GIOVANNI
T-63.80
PRestaurantes
LC1. Lazer-Estetica-Vestuario-Celular:Restaurantes
^
D13/10'2016
MVILLA COLMEIA PAES E C
T-10.40
PRestaurantes
LC1. Lazer-Estetica-Vestuario-Celular:Restaurantes
^
D13/10'2016
MCOM MATS P/CONST PEL
T-34.70
POutros
L[Residencia Lorian]
^
D13/10'2016
MCINEMARK 727-VL.LOBOS
T-32.00
PIngresso
LC1. Lazer-Estetica-Vestuario-Celular:Cinema-Locadora-Esportes-Diversao
^
D13/10'2016
MLJ0017 - BACIO DI LATT
T-19.00
PRestaurantes
LC1. Lazer-Estetica-Vestuario-Celular:Restaurantes
^
D13/10'2016
MENGLISH CAMP 04/10
T-266.00
PEnglish Camp
LD. Viagens:Tkt-Hotel-Auto
^
D14/10'2016
MSTARBUCKS 013
T-10.70
PRestaurantes
LC1. Lazer-Estetica-Vestuario-Celular:Restaurantes
^
D14/10'2016
MZEKA CABELEREIRO
T-60.00
PZeka Cabelereiro
LC1. Lazer-Estetica-Vestuario-Celular:Estetica-Massagem
^
D15/10'2016
MTINTAS FAMOSAS 02/03
T-124.00
PTintas Famosas
L[Residencia Lorian]
^
D15/10'2016
MLPQBR RESTAURANTE E PA
T-361.02
PRestaurantes
LC1. Lazer-Estetica-Vestuario-Celular:Restaurantes
^
D15/10'2016
MINTIMISSIMI 04/04
T-51.70
PIntimissimi
LC1. Lazer-Estetica-Vestuario-Celular:Vestuario Eduardo-Carla
^
D16/10'2016
MLANCHONETE VINEX
T-38.17
PRestaurantes
LC1. Lazer-Estetica-Vestuario-Celular:Restaurantes
^
D17/10'2016
MSR MOSTARDA
T-200.00
PRestaurantes
LC1. Lazer-Estetica-Vestuario-Celular:Restaurantes
^
D17/10'2016
MMETALFERCO
T-65.44
PMetalferco
L[Residencia Lorian]
^
D17/10'2016
MEL CAMINO FOODS S.A.
T-45.94
PRestaurantes
LC1. Lazer-Estetica-Vestuario-Celular:Restaurantes
^
D17/10'2016
MMESTRE GUIDO FERRAGENS numero
T-330.00
PMestre Guido
L[Residencia Lorian]
^
D17/10'2016
MLJ0013 - BACIO DI LATT
T-34.00
PRestaurantes
LC1. Lazer-Estetica-Vestuario-Celular:Restaurantes
^
D17/10'2016
MZEKA CABELEREIRO
T-150.00
PZeka Cabelereiro
LC1. Lazer-Estetica-Vestuario-Celular:Estetica-Massagem
^
D17/10'2016
MFELIPE WASH CAR LTDA M
T-45.00
POutros
LF. Automoveis:Combustivel-Lavagem-Oleo
^
D18/10'2016
MSTAR POINT-VILLA L01/03
T-116.60
POutros
LE1. Extraordinarias (Ongoing):Presentes
^
D18/10'2016
MOUTBACK BZ 33 VILA LOB
T-207.68
PRestaurantes
LC1. Lazer-Estetica-Vestuario-Celular:Restaurantes
^
D18/10'2016
MPAPEL CRAFT NACOES UNI
T-16.00
POutros
LE1. Extraordinarias (Ongoing):Residencia Moveis-Eletro-Servicos
^
D18/10'2016
MLIVRARIA CULTURA
T-56.80
POutros
LE1. Extraordinarias (Ongoing):Presentes
^
D18/10'2016
MSTA ETIENNE
T-33.11
PRestaurantes
LC1. Lazer-Estetica-Vestuario-Celular:Restaurantes
^
D18/10'2016
MC.MACIEL CASA AGRICOLA  Irrigacao
T-578.00
PCasa Agricola
L[Residencia Lorian]
^
D18/10'2016
MLEROY MERLIN
T-51.79
PLeroy Merlin
L[Residencia Lorian]
^
D19/10'2016
MMC DONALDS AJA
T-39.00
PRestaurantes
LC1. Lazer-Estetica-Vestuario-Celular:Restaurantes
^
D19/10'2016
MBIFARMA
T-38.34
PDrogaria
LB1. Alimentacao-Drogaria-Vet:Drogaria
^
D19/10'2016
MLE LIS VILA LOBOS 01/03
T-66.64
POutros
LE1. Extraordinarias (Ongoing):Presentes
^
D19/10'2016
MREST FUJIYAMA
T-154.77
PRestaurantes
LC1. Lazer-Estetica-Vestuario-Celular:Restaurantes
^
D19/10'2016
MCARREFOUR SPV 250
T-92.29
PSupermercado
LB1. Alimentacao-Drogaria-Vet:Mercado-Padaria-Vinhos
^
D20/10'2016
MCR DIFERENCA COTACAO U$
T0.77
POutros
LB. Outras Receitas:Ajustes
^
D20/10'2016
MA CASA DO PORCO
T-81.36
PRestaurantes
LC1. Lazer-Estetica-Vestuario-Celular:Restaurantes
^
D20/10'2016
MNOVA VILA COLMEIA
T-13.40
PRestaurantes
LC1. Lazer-Estetica-Vestuario-Celular:Restaurantes
^
D20/10'2016
MRI HAPPY BRINQUEDOS
T0.01
PRi Happy
LB. Outras Receitas:Ajustes
^
D20/10'2016
MLE LIS VILA LOBOS
T0.04
POutros
LB. Outras Receitas:Ajustes
^
D20/10'2016
MGME COMERCIO VAREJ
T-9.50
POutros
L[Residencia Lorian]
^
D20/10'2016
MPAZZI PER PIZZA
T-33.99
PRestaurantes
LC1. Lazer-Estetica-Vestuario-Celular:Restaurantes
^
D20/10'2016
MCOM MAT P CONST PEL
T-131.00
POutros
L[Residencia Lorian]
^
D20/10'2016
MPAO DO PARQUE
T-23.08
PPao do Parque
LB1. Alimentacao-Drogaria-Vet:Mercado-Padaria-Vinhos
^
D21/10'2016
MFRUTARIA SAO FRANCISCO
T-82.89
PSupermercado
LB1. Alimentacao-Drogaria-Vet:Mercado-Padaria-Vinhos
^
D21/10'2016
MAR FAST FOOD DO BRASIL
T-21.00
PRestaurantes
LC1. Lazer-Estetica-Vestuario-Celular:Restaurantes
^
D21/10'2016
MAR FAST FOOD DO BRASIL
T-10.00
PRestaurantes
LC1. Lazer-Estetica-Vestuario-Celular:Restaurantes
^
D21/10'2016
MMERCADO ACV
T-83.58
PSupermercado
LB1. Alimentacao-Drogaria-Vet:Mercado-Padaria-Vinhos
^
D21/10'2016
MAMERICA ELDORADO
T-70.00
PRestaurantes
LC1. Lazer-Estetica-Vestuario-Celular:Restaurantes
^
D21/10'2016
MLJ0013 - BACIO DI LATT
T-34.00
PRestaurantes
LC1. Lazer-Estetica-Vestuario-Celular:Restaurantes
^
D22/10'2016
MREI DO PICADINHO
T-42.68
PRestaurantes
LC1. Lazer-Estetica-Vestuario-Celular:Restaurantes
^
D22/10'2016
MCASA PEDROSO MATERIAIS
T-173.07
POutros
L[Residencia Lorian]
^
D22/10'2016
MDEPOSITO LIMA
T-28.80
POutros
L[Residencia Lorian]
^
D22/10'2016
MPAO DO PARQUE
T-72.06
PPao do Parque
LB1. Alimentacao-Drogaria-Vet:Mercado-Padaria-Vinhos
^
D22/10'2016
MMASSAS RICCI
T-62.00
PRestaurantes
LC1. Lazer-Estetica-Vestuario-Celular:Restaurantes
^
D23/10'2016
MVILLA COLMEIA PAES E C
T-11.40
PRestaurantes
LC1. Lazer-Estetica-Vestuario-Celular:Restaurantes
^
D23/10'2016
MLAVA RAPIDO SPLASH II
T-40.00
POutros
LF. Automoveis:Combustivel-Lavagem-Oleo
^
D23/10'2016
MGME COMERCIO VAREJ
T-13.40
POutros
L[Residencia Lorian]
^
D23/10'2016
MMUNDO VERDE
T-28.30
PRestaurantes
LC1. Lazer-Estetica-Vestuario-Celular:Restaurantes
^
D23/10'2016
MSTARBUCKS 013
T-8.20
PRestaurantes
LC1. Lazer-Estetica-Vestuario-Celular:Restaurantes
^
D23/10'2016
MESPACO VILLA GOURMET
T-33.10
PRestaurantes
LC1. Lazer-Estetica-Vestuario-Celular:Restaurantes
^
D23/10'2016
MMASSAS RICCI
T-50.60
PRestaurantes
LC1. Lazer-Estetica-Vestuario-Celular:Restaurantes
^
D24/10'2016
MVILA ROMANA MORUMBI
T-199.90
PVila Romana
LC1. Lazer-Estetica-Vestuario-Celular:Vestuario Eduardo-Carla
^
D24/10'2016
MABBRACCIO MARKET PLACE
T-193.93
PRestaurantes
LC1. Lazer-Estetica-Vestuario-Celular:Restaurantes
^
D24/10'2016
MCALCADOS PAMPILI 01/02
T-64.50
POutros
LC1. Lazer-Estetica-Vestuario-Celular:Vestuario Marina-Felipe
^
D24/10'2016
MLOJAS RENNER FL 4301/03
T-58.44
PLojas
LC1. Lazer-Estetica-Vestuario-Celular:Vestuario Marina-Felipe
^
D24/10'2016
MDROGASIL 062
T-24.12
PDrogaria
LB1. Alimentacao-Drogaria-Vet:Drogaria
^
D24/10'2016
MTUHU
T-28.79
PTuhu
LC1. Lazer-Estetica-Vestuario-Celular:Restaurantes
^
D24/10'2016
MRAIA DROGASIL 547 CENT
T-46.94
PDrogaria
LB1. Alimentacao-Drogaria-Vet:Drogaria
^
D25/10'2016
MAR FAST FOOD DO BRASIL
T-10.00
PRestaurantes
LC1. Lazer-Estetica-Vestuario-Celular:Restaurantes
^
D25/10'2016
MAR FAST FOOD DO BRASIL
T-10.00
PRestaurantes
LC1. Lazer-Estetica-Vestuario-Celular:Restaurantes
^
D25/10'2016
MPAD PIZZ GRAN VIL LT
T-30.66
PRestaurantes
LC1. Lazer-Estetica-Vestuario-Celular:Restaurantes
^
D25/10'2016
MGME COMERCIO VAREJ
T-9.20
POutros
L[Residencia Lorian]
^
D25/10'2016
MCENTER CARNES ECONOMIA
T-51.48
PSupermercado
LB1. Alimentacao-Drogaria-Vet:Mercado-Padaria-Vinhos
^
D25/10'2016
MFRUTARIA SAO FRANCIS
T-36.19
PSupermercado
LB1. Alimentacao-Drogaria-Vet:Mercado-Padaria-Vinhos
^
D25/10'2016
MESPACO VILLA GOURMET
T-26.65
PRestaurantes
LC1. Lazer-Estetica-Vestuario-Celular:Restaurantes
^
D26/10'2016
MTUHU
T-22.86
PTuhu
LC1. Lazer-Estetica-Vestuario-Celular:Restaurantes
^
D26/10'2016
MCARREFOUR SPV 250
T-87.97
PSupermercado
LB1. Alimentacao-Drogaria-Vet:Mercado-Padaria-Vinhos
^
D26/10'2016
MVILLA COLMEIA PAES E C
T-17.10
PRestaurantes
LC1. Lazer-Estetica-Vestuario-Celular:Restaurantes
^
D26/10'2016
MOUTBACK BZ73 GRANJA VI
T-89.92
PRestaurantes
LC1. Lazer-Estetica-Vestuario-Celular:Restaurantes
^
D26/10'2016
MMR CHENEY
T-17.00
PRestaurantes
LC1. Lazer-Estetica-Vestuario-Celular:Restaurantes
^
D26/10'2016
MPAGSEGUROUOL*PokemonSt
T-49.90
POutros
LE1. Extraordinarias (Ongoing):Assinaturas-Licencas
^
D26/10'2016
MLOJA 2766
T-163.65
POutros
L[Residencia Lorian]
^
D26/10'2016
MPAO DO PARQUE
T-19.49
PPao do Parque
LB1. Alimentacao-Drogaria-Vet:Mercado-Padaria-Vinhos
^
D27/10'2016
MPAO DO PARQUE
T-33.69
PPao do Parque
LB1. Alimentacao-Drogaria-Vet:Mercado-Padaria-Vinhos
^
D27/10'2016
MPAO DO PARQUE
T-18.49
PPao do Parque
LB1. Alimentacao-Drogaria-Vet:Mercado-Padaria-Vinhos
^
D27/10'2016
MNUTRIBEM
T-19.68
PRestaurantes
LC1. Lazer-Estetica-Vestuario-Celular:Restaurantes
^
D28/10'2016
MCALHAS PAINEIRAS
T-480.00
POutros
L[Residencia Lorian]
^
D28/10'2016
MSANTO ANTONIO MATERIAI
T-52.70
POutros
L[Residencia Lorian]
^
D28/10'2016
MPAO DO PARQUE II
T-16.57
PPao do Parque
LB1. Alimentacao-Drogaria-Vet:Mercado-Padaria-Vinhos
^
D28/10'2016
MCONIBASE 1
T-7.71
PConibase
L[Residencia Lorian]
^
D28/10'2016
M5 A SEC
T-50.00
PIG Lavanderia
LE1. Extraordinarias (Ongoing):Residencia Moveis-Eletro-Servicos
^
D28/10'2016
MPAO DO PARQUE II
T-14.77
PPao do Parque
LB1. Alimentacao-Drogaria-Vet:Mercado-Padaria-Vinhos
^
D28/10'2016
MESPACO VILLA GOURMET
T-22.71
PRestaurantes
LC1. Lazer-Estetica-Vestuario-Celular:Restaurantes
^
D28/10'2016
MDROGARIA SAO PAULO 241
T-10.49
PDrogaria
LB1. Alimentacao-Drogaria-Vet:Drogaria
^
D29/10'2016
MCOPELI - matl eletrico
T-113.57
PCopeli Matl Eletrico
L[Residencia Lorian]
^
D29/10'2016
MCANTO DA MATA FORNERIA
T-58.74
PRestaurantes
LC1. Lazer-Estetica-Vestuario-Celular:Restaurantes
^
D29/10'2016
MCOLCHOARIA BETTONI01/02
T-3,640.00
PBettoni
L[Residencia Lorian]
^
D29/10'2016
MAMERICA NOVE DE JULHO
T-238.50
PRestaurantes
LC1. Lazer-Estetica-Vestuario-Celular:Restaurantes
^
D29/10'2016
MCINEMARK - TAMBORE
T-50.00
PCinemark
LC1. Lazer-Estetica-Vestuario-Celular:Cinema-Locadora-Esportes-Diversao
^
D30/10'2016
METIENNE ROTISSERIA E B
T-33.11
PRestaurantes
LC1. Lazer-Estetica-Vestuario-Celular:Restaurantes
^
D30/10'2016
MMERCADO ACV
T-27.70
PRestaurantes
LC1. Lazer-Estetica-Vestuario-Celular:Restaurantes
^
D31/10'2016
MPALADARSHOW
T-28.30
PRestaurantes
LC1. Lazer-Estetica-Vestuario-Celular:Restaurantes
^
D31/10'2016
MEMPORIO DAS COMIDAS
T-74.80
PRestaurantes
LC1. Lazer-Estetica-Vestuario-Celular:Restaurantes
^
D31/10'2016
MMIKEI PAPEL E BAZAR
T-45.20
POutros
LB2. Educacao (Mensal):Livros-Material Escolar
^
D01/11'2016
MPERS BLACK  3602-0104
T14,466.65
PMastercad Black
L[Itau Personnalité]
^
D01/11'2016
MCOM MAT P CONST PEL
T-18.95
POutros
LB2. Educacao (Mensal):Livros-Material Escolar
^
D01/11'2016
MRI HAPPY BRINQUEDO02/03
T-66.67
PRi Happy
LE1. Extraordinarias (Ongoing):Presentes
^
D01/11'2016
MRI HAPPY BRINQUEDOS
T0.02
PRi Happy
LB. Outras Receitas:Ajustes
^
D01/11'2016
MRAIA DROGASIL 547 CENT
T-99.15
PDrogaria
LB1. Alimentacao-Drogaria-Vet:Drogaria
^
D02/11'2016
MCANTO DA MATA FORNERIA
T-330.00
PRestaurantes
LC1. Lazer-Estetica-Vestuario-Celular:Restaurantes
^
D02/11'2016
MPAO DO PARQUE
T-16.27
PPao do Parque
LB1. Alimentacao-Drogaria-Vet:Mercado-Padaria-Vinhos
^
D03/11'2016
MLEROY MERLIN RAPOS02/03
T-128.17
PLeroy Merlin
L[Residencia Lorian]
^
D03/11'2016
MPALADARSHOW
T-32.55
PRestaurantes
LC1. Lazer-Estetica-Vestuario-Celular:Restaurantes
^
D04/11'2016
MHTRES SAO PAULO LAPA
T-25.90
PRestaurantes
LC1. Lazer-Estetica-Vestuario-Celular:Restaurantes
^
D04/11'2016
MTUHU
T-25.01
PTuhu
LC1. Lazer-Estetica-Vestuario-Celular:Restaurantes
^
D04/11'2016
MLJ0017 - BACIO DI LATT
T-13.00
PRestaurantes
LC1. Lazer-Estetica-Vestuario-Celular:Restaurantes
^
D04/11'2016
MLIVRARIA CULTURA  01/02
T-81.17
PLivraria Cultura
LB2. Educacao (Mensal):Livros-Material Escolar
^
D04/11'2016
M1087 - GRSA GRSA CLARI
T-10.60
PRestaurantes
LC1. Lazer-Estetica-Vestuario-Celular:Restaurantes
^
D04/11'2016
MRICARDOELETRO     01/07
T-569.34
PRicardo Eletro
L[Residencia Lorian]
^
D05/11'2016
MRESTAURANTE HIRO
T-224.40
PRestaurantes
LC1. Lazer-Estetica-Vestuario-Celular:Restaurantes
^
D05/11'2016
MESFIHAS DOZZA
T-81.80
PRestaurantes
LC1. Lazer-Estetica-Vestuario-Celular:Restaurantes
^
D05/11'2016
MGME COMERCIO VAREJ
T-22.15
POutros
L[Residencia Lorian]
^
D06/11'2016
MTELHANORTE OSASCO 02/03
T-110.87
PTelhanorte
L[Residencia Lorian]
^
D06/11'2016
MTELHANORTE OSASCO
T0.02
PTelhanorte
LB. Outras Receitas:Ajustes
^
D06/11'2016
MULTRAGAZ AVANCO
T-65.00
PUltragaz
LA1. Residencia Villas:Gas
^
D06/11'2016
MA P ROCAS
T-159.07
PCombustível
LF. Automoveis:Combustivel-Lavagem-Oleo
^
D07/11'2016
MADIDAS DO BRASIL G02/02
T-71.99
POutros
LC1. Lazer-Estetica-Vestuario-Celular:Vestuario Eduardo-Carla
^
D07/11'2016
MNIKE CATARINA     02/02
T-144.85
POutros
LC1. Lazer-Estetica-Vestuario-Celular:Vestuario Eduardo-Carla
^
D07/11'2016
MLEROY MERLIN      01/04
T-102.88
PLeroy Merlin
L[Residencia Lorian]
^
D07/11'2016
MPAO DO PARQUE
T-11.15
PPao do Parque
LB1. Alimentacao-Drogaria-Vet:Mercado-Padaria-Vinhos
^
D07/11'2016
MA P ROCAS
T-173.27
PCombustível
LF. Automoveis:Combustivel-Lavagem-Oleo
^
D07/11'2016
MMERCADO ACV
T-22.94
PRestaurantes
LC1. Lazer-Estetica-Vestuario-Celular:Restaurantes
^
D07/11'2016
MOUTLET SP CATARINA02/03
T-173.06
POutros
LC1. Lazer-Estetica-Vestuario-Celular:Vestuario Eduardo-Carla
^
D07/11'2016
MFOREVER21 CATARINA02/03
T-47.74
POutros
LC1. Lazer-Estetica-Vestuario-Celular:Vestuario Eduardo-Carla
^
D07/11'2016
MFOREVER21 CATARINA OUT
T0.02
POutros
LB. Outras Receitas:Ajustes
^
D07/11'2016
MOUTLET SP CATARINA
T0.02
POutros
LB. Outras Receitas:Ajustes
^
D07/11'2016
MESTACIONAMENTO EINSTEI
T-18.00
PEstapar
LE1. Extraordinarias (Ongoing):Taxi-Estacionamento
^
D08/11'2016
MKOPENHAGEN
T-30.50
PRestaurantes
LC1. Lazer-Estetica-Vestuario-Celular:Restaurantes
^
D09/11'2016
MTABERNA GAUCHA
T-44.00
PRestaurantes
LC1. Lazer-Estetica-Vestuario-Celular:Restaurantes
^
D09/11'2016
MCHAVEIRO ROCHA
T-21.00
POutros
LE1. Extraordinarias (Ongoing):Residencia Moveis-Eletro-Servicos
^
D09/11'2016
MGARPIANI COM DE FERRAG
T-136.00
POutros
L[Residencia Lorian]
^
D10/11'2016
MTABERNA GAUCHA
T-72.00
PRestaurantes
LC1. Lazer-Estetica-Vestuario-Celular:Restaurantes
^
D10/11'2016
MSOMBRANCELHAS DESI01/03
T-80.50
POutros
LC1. Lazer-Estetica-Vestuario-Celular:Estetica-Massagem
^
D11/11'2016
MNEW VILLA LOBOS
T-148.00
POutros
LC1. Lazer-Estetica-Vestuario-Celular:Vestuario Eduardo-Carla
^
D11/11'2016
MTORINO COMERCIO DE ALI
T-86.08
PRestaurantes
LC1. Lazer-Estetica-Vestuario-Celular:Restaurantes
^
D11/11'2016
MDROGARIA SAO PAULO 241
T-43.84
PDrogaria
LB1. Alimentacao-Drogaria-Vet:Drogaria
^
D11/11'2016
MCLINICA MEDICA GIOVANA
T-100.00
PClinica Medica Giovana
LC1. Lazer-Estetica-Vestuario-Celular:Estetica-Massagem
^
D12/11'2016
MZEKA CABELEREIRO
T-120.00
PZeka Cabelereiro
LC1. Lazer-Estetica-Vestuario-Celular:Estetica-Massagem
^
D12/11'2016
MOUTLET HASSIB     01/05
T-130.36
POutros
LC1. Lazer-Estetica-Vestuario-Celular:Vestuario Eduardo-Carla
^
D12/11'2016
MBABBO GIOVANNI
T-103.26
PRestaurantes
LC1. Lazer-Estetica-Vestuario-Celular:Restaurantes
^
D12/11'2016
MZEKA CABELEREIRO
T-393.00
PZeka Cabelereiro
LC1. Lazer-Estetica-Vestuario-Celular:Estetica-Massagem
^
D12/11'2016
MMASSAS RICCI
T-69.90
PRestaurantes
LC1. Lazer-Estetica-Vestuario-Celular:Restaurantes
^
D12/11'2016
MBEEF BOUTIQUE
T-61.27
PRestaurantes
LC1. Lazer-Estetica-Vestuario-Celular:Restaurantes
^
D12/11'2016
MDROGA RAIA F106
T-33.44
PDrogaria
LB1. Alimentacao-Drogaria-Vet:Drogaria
^
D13/11'2016
MENGLISH CAMP      05/10
T-266.00
PEnglish Camp
LD. Viagens:Tkt-Hotel-Auto
^
D14/11'2016
MREDE PAPA
T-123.59
PCombustível
LF. Automoveis:Combustivel-Lavagem-Oleo
^
D14/11'2016
MPAO DO PARQUE-III
T-8.76
PPao do Parque
LB1. Alimentacao-Drogaria-Vet:Mercado-Padaria-Vinhos
^
D14/11'2016
MSODIE DOCES   VL LAGEA
T-69.11
PRestaurantes
LC1. Lazer-Estetica-Vestuario-Celular:Restaurantes
^
D15/11'2016
MTINTAS FAMOSAS    03/03
T-124.00
PTintas Famosas
L[Residencia Lorian]
^
D16/11'2016
MPAO DO PARQUE
T-20.68
PPao do Parque
LB1. Alimentacao-Drogaria-Vet:Mercado-Padaria-Vinhos
^
D17/11'2016
MLIVRARIA CULTURA  01/03
T-70.00
PLivraria Cultura
LB2. Educacao (Mensal):Livros-Material Escolar
^
D18/11'2016
MSTAR POINT-VILLA L02/03
T-116.60
POutros
LC1. Lazer-Estetica-Vestuario-Celular:Vestuario Eduardo-Carla
^
D18/11'2016
MCM FORNERIA EIRELI
T-59.90
PRestaurantes
LC1. Lazer-Estetica-Vestuario-Celular:Restaurantes
^
D18/11'2016
MNUTRIBEM
T-22.50
PRestaurantes
LC1. Lazer-Estetica-Vestuario-Celular:Restaurantes
^
D18/11'2016
MSTAR POINT-VILLA L03/03
T-116.60
POutros
LC1. Lazer-Estetica-Vestuario-Celular:Vestuario Eduardo-Carla
^
D19/11'2016
MBRABUS           04/04
T-413.92
POutros
LF. Automoveis:Manutencao-Revisao Auto
^
D19/11'2016
MLE LIS VILA LOBOS 02/03
T-66.64
POutros
LC1. Lazer-Estetica-Vestuario-Celular:Vestuario Eduardo-Carla
^
D19/11'2016
MLE LIS VILA LOBOS
T0.02
POutros
LB. Outras Receitas:Ajustes
^
D19/11'2016
MPAZZI PER PIZZA
T-178.86
PRestaurantes
LC1. Lazer-Estetica-Vestuario-Celular:Restaurantes
^
D20/11'2016
MLE LIS VILA LOBOS 03/03
T-59.98
POutros
LC1. Lazer-Estetica-Vestuario-Celular:Vestuario Eduardo-Carla
^
D20/11'2016
MDENY SPORTS-ELDORADO
T-109.90
POutros
LE1. Extraordinarias (Ongoing):Presentes
^
D20/11'2016
MAPPLEBEE S ELDORADO
T-240.00
PRestaurantes
LC1. Lazer-Estetica-Vestuario-Celular:Restaurantes
^
D21/11'2016
MZARA-SH.VILLA LOBO04/05
T-166.00
PZara
LC1. Lazer-Estetica-Vestuario-Celular:Vestuario Eduardo-Carla
^
D21/11'2016
MLAVA RAPIDO SPLASH II
T-40.00
POutros
LF. Automoveis:Combustivel-Lavagem-Oleo
^
D21/11'2016
MGME COMERCIO VAREJ
T-9.20
POutros
L[Residencia Lorian]
^
D21/11'2016
MESPACO VILLA GOURMET
T-27.10
PRestaurantes
LC1. Lazer-Estetica-Vestuario-Celular:Restaurantes
^
D21/11'2016
MZARA-SH.VILLA LOBO05/05
T-166.00
PZara
LC1. Lazer-Estetica-Vestuario-Celular:Vestuario Eduardo-Carla
^
D22/11'2016
MZ DELI SANDUICHES
T-46.75
PRestaurantes
LC1. Lazer-Estetica-Vestuario-Celular:Restaurantes
^
D22/11'2016
MDECIMO QUARTO TABELIO
T-195.37
POutros
LE2. Extraordinarias (One Time):Outras
^
D23/11'2016
MEMPORIO DAS PISCIN01/03
T-216.68
POutros
LE1. Extraordinarias (Ongoing):Residencia Moveis-Eletro-Servicos
^
D23/11'2016
METIENNE ROTISSERIA E B
T-62.31
PRestaurantes
LC1. Lazer-Estetica-Vestuario-Celular:Restaurantes
^
D23/11'2016
MA P ROCAS
T-155.49
PCombustível
LF. Automoveis:Combustivel-Lavagem-Oleo
^
D24/11'2016
MCALCADOS PAMPILI  02/02
T-64.50
POutros
LC1. Lazer-Estetica-Vestuario-Celular:Vestuario Eduardo-Carla
^
D24/11'2016
MLOJAS RENNER FL 4302/03
T-58.44
PLojas
LC1. Lazer-Estetica-Vestuario-Celular:Vestuario Eduardo-Carla
^
D24/11'2016
MLOJAS RENNER FL 43
T0.02
POutros
LB. Outras Receitas:Ajustes
^
D24/11'2016
MMULTICOISAS
T-22.00
POutros
LE1. Extraordinarias (Ongoing):Residencia Moveis-Eletro-Servicos
^
D24/11'2016
MK F C
T-37.50
PRestaurantes
LC1. Lazer-Estetica-Vestuario-Celular:Restaurantes
^
D24/11'2016
MLOJAS RENNER FL 4303/03
T-58.44
PLojas
LC1. Lazer-Estetica-Vestuario-Celular:Vestuario Eduardo-Carla
^
D25/11'2016
MFAST SHOP 01/02 TV
T-2,563.00
PFast Shop
L[Residencia Lorian]
^
D25/11'2016
MAMERICA VILLA LOBOS
T-125.70
PRestaurantes
LC1. Lazer-Estetica-Vestuario-Celular:Restaurantes
^
D27/11'2016
MMASSAS RICCI
T-74.90
PRestaurantes
LC1. Lazer-Estetica-Vestuario-Celular:Restaurantes
^
D27/11'2016
MBEEF BOUTIQUE
T-35.76
PRestaurantes
LC1. Lazer-Estetica-Vestuario-Celular:Restaurantes
^
D27/11'2016
MPAO DO PARQUE
T-31.05
PPao do Parque
LB1. Alimentacao-Drogaria-Vet:Mercado-Padaria-Vinhos
^
D27/11'2016
MBUR DOG
T-58.48
PRestaurantes
LC1. Lazer-Estetica-Vestuario-Celular:Restaurantes
^
D28/11'2016
MMEI CULINARIA ASIATICA
T-31.11
PRestaurantes
LC1. Lazer-Estetica-Vestuario-Celular:Restaurantes
^
D28/11'2016
MCOM MATS P/CONST PEL
T-23.00
POutros
L[Residencia Lorian]
^
D28/11'2016
MOUTBACK BZ 75 CIDADE S
T-58.29
PRestaurantes
LC1. Lazer-Estetica-Vestuario-Celular:Restaurantes
^
D28/11'2016
MGELATO BOUTIQUE
T-19.00
PRestaurantes
LC1. Lazer-Estetica-Vestuario-Celular:Restaurantes
^
D28/11'2016
MCACAU SHOW
T-18.80
PRestaurantes
LC1. Lazer-Estetica-Vestuario-Celular:Restaurantes
^
D28/11'2016
MKOPENHAGEN
T-28.50
PRestaurantes
LC1. Lazer-Estetica-Vestuario-Celular:Restaurantes
^
D30/11'2016
MX PEL
T-79.00
POutros
LB2. Educacao (Mensal):Livros-Material Escolar
^
D30/11'2016
MREDE PAPA
T-147.70
PCombustível
LF. Automoveis:Combustivel-Lavagem-Oleo
^
D30/11'2016
MCARREFOUR SPV 250
T-27.18
PSupermercado
LB1. Alimentacao-Drogaria-Vet:Mercado-Padaria-Vinhos
^
D01/12'2016
MPERS BLACK  3602-0104
T11,485.08
PMastercad Black
L[Itau Personnalité]
^
D01/12'2016
MCASA PEDROSO
T-465.00
PCasa Pedroso
L[Residencia Lorian]
^
D01/12'2016
MMABRUK COM DE CHOCOLAT
T-17.90
PSupermercado
LB1. Alimentacao-Drogaria-Vet:Mercado-Padaria-Vinhos
^
D01/12'2016
MMAMBO DELIVERY
T-677.10
PMambo Supermercado
LB1. Alimentacao-Drogaria-Vet:Mercado-Padaria-Vinhos
^
D01/12'2016
MDIVINO FOGAO C T DA FA
T-31.48
PRestaurantes
LC1. Lazer-Estetica-Vestuario-Celular:Restaurantes
^
D01/12'2016
MRI HAPPY BRINQUEDO03/03
T-66.67
PRi Happy
LE1. Extraordinarias (Ongoing):Presentes
^
D02/12'2016
MCASA ALMEIDA-V.LOB01/08
T-333.16
PCasa Almeida
L[Residencia Lorian]
^
D02/12'2016
MMADERO ELDORADO
T-51.70
PRestaurantes
LC1. Lazer-Estetica-Vestuario-Celular:Restaurantes
^
D02/12'2016
MTORINO COMERCIO DE ALI
T-213.40
PRestaurantes
LC1. Lazer-Estetica-Vestuario-Celular:Restaurantes
^
D02/12'2016
MMULTICOISAS
T-105.50
POutros
LE1. Extraordinarias (Ongoing):Residencia Moveis-Eletro-Servicos
^
D02/12'2016
MFAST SHOP TV
T-75.00
PFast Shop
L[Residencia Lorian]
^
D03/12'2016
MLEROY MERLIN RAPOS03/03
T-128.17
PLeroy Merlin
L[Residencia Lorian]
^
D03/12'2016
MBABBO GIOVANNI
T-60.30
PRestaurantes
LC1. Lazer-Estetica-Vestuario-Celular:Restaurantes
^
D03/12'2016
M5 A SEC
T-261.00
PIG Lavanderia
LE1. Extraordinarias (Ongoing):Residencia Moveis-Eletro-Servicos
^
D03/12'2016
MPAGSEGUROUOL*antigos
T-100.00
POutros
LC1. Lazer-Estetica-Vestuario-Celular:Cinema-Locadora-Esportes-Diversao
^
D04/12'2016
MLIVRARIA CULTURA 02/02
T-81.17
PLivraria Cultura
LB2. Educacao (Mensal):Livros-Material Escolar
^
D04/12'2016
MHERING VILLA LOBOS
T-29.99
POutros
LC1. Lazer-Estetica-Vestuario-Celular:Vestuario Eduardo-Carla
^
D04/12'2016
MOUTBACK BZ 33 VILA LOB
T-255.80
PRestaurantes
LC1. Lazer-Estetica-Vestuario-Celular:Restaurantes
^
D04/12'2016
MC E A 275 01/03
T-89.32
POutros
LC1. Lazer-Estetica-Vestuario-Celular:Vestuario Eduardo-Carla
^
D04/12'2016
MMEIAO MEIAS COMERCIAL
T-99.70
POutros
LC1. Lazer-Estetica-Vestuario-Celular:Vestuario Eduardo-Carla
^
D04/12'2016
MZARA-SH.VILLA LOBOS
T-144.00
PZara
LC1. Lazer-Estetica-Vestuario-Celular:Vestuario Eduardo-Carla
^
D04/12'2016
MRICARDOELETRO
T0.18
PRicardo Eletro
LB. Outras Receitas:Ajustes
^
D04/12'2016
MRICARDOELETRO 02/07
T-569.34
PRicardo Eletro
L[Residencia Lorian]
^
D05/12'2016
MFRANGO FRITO
T-91.74
PRestaurantes
LC1. Lazer-Estetica-Vestuario-Celular:Restaurantes
^
D05/12'2016
MCOM MAT P CONST PEL
T-38.00
POutros
L[Residencia Lorian]
^
D06/12'2016
MTELHANORTE OSASCO 03/03
T-110.87
PTelhanorte
L[Residencia Lorian]
^
D06/12'2016
MCENTER CARNES ECONOMIA
T-51.72
PRestaurantes
LC1. Lazer-Estetica-Vestuario-Celular:Restaurantes
^
D06/12'2016
MPAO DO PARQUE II
T-12.61
PPao do Parque
LB1. Alimentacao-Drogaria-Vet:Mercado-Padaria-Vinhos
^
D06/12'2016
MRINCONCITO
T-42.40
PRestaurantes
LC1. Lazer-Estetica-Vestuario-Celular:Restaurantes
^
D06/12'2016
MBRILHO PARK
T-23.00
PEstapar
LE1. Extraordinarias (Ongoing):Taxi-Estacionamento
^
D07/12'2016
MLEROY MERLIN 02/04
T-102.88
PLeroy Merlin
L[Residencia Lorian]
^
D07/12'2016
MEL CAMINO FOODS S.A.
T-136.14
PRestaurantes
LC1. Lazer-Estetica-Vestuario-Celular:Restaurantes
^
D07/12'2016
MPAPAIZ ASSOC-REBOUCAS
T-65.00
POutros
LE1. Extraordinarias (Ongoing):Reforma Vilas
^
D07/12'2016
MSP MATE
T-12.00
PRestaurantes
LC1. Lazer-Estetica-Vestuario-Celular:Restaurantes
^
D07/12'2016
MOUTLET SP CATARINA03/03
T-173.06
POutros
LC1. Lazer-Estetica-Vestuario-Celular:Vestuario Eduardo-Carla
^
D07/12'2016
MFOREVER21 CATARINA03/03
T-47.74
POutros
LC1. Lazer-Estetica-Vestuario-Celular:Vestuario Eduardo-Carla
^
D08/12'2016
MCAFE DO PONTO
T-3.30
PRestaurantes
LC1. Lazer-Estetica-Vestuario-Celular:Restaurantes
^
D10/12'2016
MSOMBRANCELHAS DESI02/03
T-80.50
POutros
LC1. Lazer-Estetica-Vestuario-Celular:Estetica-Massagem
^
D12/12'2016
MOUTLET HASSIB 02/05
T-130.36
POutros
LC1. Lazer-Estetica-Vestuario-Celular:Vestuario Eduardo-Carla
^
D13/12'2016
MKOPENHAGEN
T-24.00
PRestaurantes
LC1. Lazer-Estetica-Vestuario-Celular:Restaurantes
^
D13/12'2016
MENGLISH CAMP 06/10
T-266.00
PEnglish Camp
LD. Viagens:Tkt-Hotel-Auto
^
D16/12'2016
MFOM ELDORADO
T-59.80
POutros
LE1. Extraordinarias (Ongoing):Presentes
^
D17/12'2016
MLIVRARIA CULTURA 02/03
T-70.00
PLivraria Cultura
LB2. Educacao (Mensal):Livros-Material Escolar
^
D17/12'2016
MDROGARIA SAO PAULO S A
T-102.09
PDrogaria
LB1. Alimentacao-Drogaria-Vet:Drogaria
^
D19/12'2016
MLE LIS VILA LOBOS 03/03
T-66.64
POutros
LC1. Lazer-Estetica-Vestuario-Celular:Vestuario Eduardo-Carla
^
D19/12'2016
MCRYSTAL PIZZA BAR
T-240.00
PRestaurantes
LC1. Lazer-Estetica-Vestuario-Celular:Restaurantes
^
D21/12'2016
MZARA-SH.VILLA LOBO01/03
T-86.00
PZara
LC1. Lazer-Estetica-Vestuario-Celular:Vestuario Eduardo-Carla
^
D21/12'2016
MFASCAR-SH.VILLA LO01/03
T-137.68
POutros
LC1. Lazer-Estetica-Vestuario-Celular:Vestuario Eduardo-Carla
^
D23/12'2016
MKALUNGA SHOPPING E01/03
T-55.34
Pkalunga
LB2. Educacao (Mensal):Livros-Material Escolar
^
D23/12'2016
MLOJAS AMERICANAS 101/10
T-39.90
POutros
LB2. Educacao (Mensal):Livros-Material Escolar
^
D23/12'2016
M35DN ELDORADO 01/05
T-116.00
POutros
LC1. Lazer-Estetica-Vestuario-Celular:Vestuario Eduardo-Carla
^
D23/12'2016
MCANAL ELDORADO 01/02
T-69.50
POutros
LE1. Extraordinarias (Ongoing):Presentes
^
D23/12'2016
MKANAYAMA SUSHI LTDA EP
T-151.91
PRestaurantes
LC1. Lazer-Estetica-Vestuario-Celular:Restaurantes
^
D23/12'2016
MREI DO MATE
T-11.50
PRestaurantes
LC1. Lazer-Estetica-Vestuario-Celular:Restaurantes
^
D23/12'2016
MLEROY MERLIN
T-52.13
PLeroy Merlin
L[Residencia Lorian]
^
D23/12'2016
MPAO DE ACUCAR LJ 1207
T-71.90
PPao de Açucar
LB1. Alimentacao-Drogaria-Vet:Mercado-Padaria-Vinhos
^
D23/12'2016
MLJ0013 BACIO DI LATT
T-39.00
PRestaurantes
LC1. Lazer-Estetica-Vestuario-Celular:Restaurantes
^
D23/12'2016
MSARAIVA ELDORADO 40
T-76.80
POutros
LB2. Educacao (Mensal):Livros-Material Escolar
^
D23/12'2016
MPOKEMON STOP
T-59.90
POutros
LE1. Extraordinarias (Ongoing):Assinaturas-Licencas
^
D23/12'2016
MHOTEL URBANO*585d001/06
T-576.31
PHotel
LD. Viagens:Tkt-Hotel-Auto
^
D24/12'2016
MPAO DE ACUCAR LJ 1227
T-32.35
PPao de Açucar
LB1. Alimentacao-Drogaria-Vet:Mercado-Padaria-Vinhos
^
D24/12'2016
MCENTRO AUTOM AGUA ESPR
T-188.35
PCombustível
LF. Automoveis:Combustivel-Lavagem-Oleo
^
D24/12'2016
MZEKA CABELEREIRO
T-246.00
PZeka Cabelereiro
LC1. Lazer-Estetica-Vestuario-Celular:Estetica-Massagem
^
D25/12'2016
MFAST SHOP 02/02 TV
T-2,563.00
PFast Shop
L[Residencia Lorian]
^
D26/12'2016
MC&C OSASCO 01/05
T-117.92
PC&C
L[Residencia Lorian]
^
D26/12'2016
MMONTANA GRILL EXPRESS
T-65.10
PRestaurantes
LC1. Lazer-Estetica-Vestuario-Celular:Restaurantes
^
D27/12'2016
MRESTAURANTE HIRO
T-171.60
PRestaurantes
LC1. Lazer-Estetica-Vestuario-Celular:Restaurantes
^
D28/12'2016
MCOBASI VILA LOBOS 01/03
T-122.18
POutros
LE1. Extraordinarias (Ongoing):Residencia Moveis-Eletro-Servicos
^
D28/12'2016
MLEROY MERLIN
T-28.97
PLeroy Merlin
L[Residencia Lorian]
^
D28/12'2016
MPAO DO PARQUE
T-53.89
PPao do Parque
LB1. Alimentacao-Drogaria-Vet:Mercado-Padaria-Vinhos
^
D29/12'2016
MCOLCHOARIA BETTONI02/02
T-3,640.00
PBettoni
L[Residencia Lorian]
^
D29/12'2016
MCRISTALINA PISCINAS
T-123.00
POutros
LE1. Extraordinarias (Ongoing):Residencia Moveis-Eletro-Servicos
^
D29/12'2016
MMERCADO A C V
T-21.85
PRestaurantes
LC1. Lazer-Estetica-Vestuario-Celular:Restaurantes
^
D29/12'2016
MPAO DO PARQUE
T-53.88
PPao do Parque
LB1. Alimentacao-Drogaria-Vet:Mercado-Padaria-Vinhos
^
D29/12'2016
MESPACO VILLA GOURMET
T-66.61
PRestaurantes
LC1. Lazer-Estetica-Vestuario-Celular:Restaurantes
^
D30/12'2016
MLANCHONETE DIVINO
T-227.48
PRestaurantes
LC1. Lazer-Estetica-Vestuario-Celular:Restaurantes
^
D30/12'2016
MEX OSASCO HI SANAZAR
T-150.25
PSupermercado
LB1. Alimentacao-Drogaria-Vet:Mercado-Padaria-Vinhos
^
D30/12'2016
MEMPORIO DAS PISCINAS
T-82.00
POutros
LE1. Extraordinarias (Ongoing):Residencia Moveis-Eletro-Servicos
^
D31/12'2016
MCAMICADO-SH.ELDORA01/05
T-342.76
POutros
LE1. Extraordinarias (Ongoing):Residencia Moveis-Eletro-Servicos
^
D31/12'2016
MCAMICADO-SH.ELDORADO
T-19.80
POutros
LE1. Extraordinarias (Ongoing):Residencia Moveis-Eletro-Servicos
^
D31/12'2016
MMC DONALDS-SEL
T-7.00
PRestaurantes
LC1. Lazer-Estetica-Vestuario-Celular:Restaurantes
^
D01/01'2017
MPAO DO PARQUE
T-43.45
PPao do Parque
LB1. Alimentacao-Drogaria-Vet:Mercado-Padaria-Vinhos
^
D02/01'2017
MPERS BLACK  3602-0104
T14,449.04
PMastercad Black
L[Itau Personnalité]
^
D02/01'2017
MCASA ALMEIDA-V.LOBOS
T0.28
POutros
LB. Outras Receitas:Ajustes
^
D02/01'2017
MCASA ALMEIDA-V.LOB02/08
T-333.16
PCasa Almeida
L[Residencia Lorian]
^
D02/01'2017
MLEROY MERLIN 01/05
T-108.00
PLeroy Merlin
L[Residencia Lorian]
^
D02/01'2017
MCONSTRUCEL
T-18.00
POutros
L[Residencia Lorian]
^
D02/01'2017
MBABBO GIOVANNI
T-56.80
PRestaurantes
LC1. Lazer-Estetica-Vestuario-Celular:Restaurantes
^
D03/01'2017
MREST E LANCH EMBAIXADO
T-85.57
PRestaurantes
LC1. Lazer-Estetica-Vestuario-Celular:Restaurantes
^
D03/01'2017
MREST E LANCH EMBAIXADO
T-54.17
PRestaurantes
LC1. Lazer-Estetica-Vestuario-Celular:Restaurantes
^
D04/01'2017
MC E A 275
T0.04
POutros
LB. Outras Receitas:Ajustes
^
D04/01'2017
MC E A 275 02/03
T-89.32
POutros
LC1. Lazer-Estetica-Vestuario-Celular:Vestuario Eduardo-Carla
^
D04/01'2017
MPIMENTA BUZIOS
T-195.00
PRestaurantes
LC1. Lazer-Estetica-Vestuario-Celular:Restaurantes
^
D04/01'2017
MRICARDOELETRO 03/07
T-569.34
PRicardo Eletro
L[Residencia Lorian]
^
D07/01'2017
MLEROY MERLIN 03/04
T-102.88
PLeroy Merlin
L[Residencia Lorian]
^
D07/01'2017
MAUTO POSTO DOIS IRMAOS
T-124.47
PCombustível
LF. Automoveis:Combustivel-Lavagem-Oleo
^
D07/01'2017
MARENA LE HOTEL
T-665.85
PHotel
LD. Viagens:Tkt-Hotel-Auto
^
D08/01'2017
MRODOSNACK ESTRELA DA D
T-37.30
PRestaurantes
LC1. Lazer-Estetica-Vestuario-Celular:Restaurantes
^
D09/01'2017
MLAVA RAPIDO SPLASH II
T-55.00
POutros
LF. Automoveis:Combustivel-Lavagem-Oleo
^
D09/01'2017
MKOPENHAGEN
T-21.00
PRestaurantes
LC1. Lazer-Estetica-Vestuario-Celular:Restaurantes
^
D09/01'2017
MRAIA DROGASIL 547 CENT
T-69.98
PDrogaria
LB1. Alimentacao-Drogaria-Vet:Drogaria
^
D10/01'2017
MCENTER CARNES ECONOMIA
T-61.92
PRestaurantes
LC1. Lazer-Estetica-Vestuario-Celular:Restaurantes
^
D10/01'2017
MDROGA RAIA F106
T-42.74
PDrogaria
LB1. Alimentacao-Drogaria-Vet:Drogaria
^
D10/01'2017
MDROGA RAIA F106
T-18.93
PDrogaria
LB1. Alimentacao-Drogaria-Vet:Drogaria
^
D10/01'2017
MMAMBO DELIVERY
T-765.85
PMambo Supermercado
LB1. Alimentacao-Drogaria-Vet:Mercado-Padaria-Vinhos
^
D10/01'2017
MFRUTARIA COLLINAS
T-11.19
PSupermercado
LB1. Alimentacao-Drogaria-Vet:Mercado-Padaria-Vinhos
^
D10/01'2017
MMERCEARIA SAO FRANCISC
T-36.79
PRestaurantes
LC1. Lazer-Estetica-Vestuario-Celular:Restaurantes
^
D10/01'2017
MSOMBRANCELHAS DESI03/03
T-80.50
POutros
LC1. Lazer-Estetica-Vestuario-Celular:Estetica-Massagem
^
D12/01'2017
MOUTLET HASSIB 03/05
T-130.36
POutros
LC1. Lazer-Estetica-Vestuario-Celular:Vestuario Eduardo-Carla
^
D13/01'2017
MENGLISH CAMP 07/10
T-266.00
PEnglish Camp
LD. Viagens:Tkt-Hotel-Auto
^
D14/01'2017
MJTSTETIC 01/07
T-200.00
POutros
LC1. Lazer-Estetica-Vestuario-Celular:Estetica-Massagem
^
D14/01'2017
MJTSTETIC 02/07
T-200.00
POutros
LC1. Lazer-Estetica-Vestuario-Celular:Estetica-Massagem
^
D17/01'2017
MAMAZON.COM.BR
T-45.85
POutros
LE1. Extraordinarias (Ongoing):Presentes
^
D17/01'2017
MLIVRARIA CULTURA 03/03
T-70.00
PLivraria Cultura
LB2. Educacao (Mensal):Livros-Material Escolar
^
D18/01'2017
MCICLO DE VIDA
T-1,500.00
PMarcelo Silber
LG. Reembolsaveis:Medicos-Clinicas-Exames
^
D18/01'2017
MBELLA PAULISTA
T-77.70
PRestaurantes
LC1. Lazer-Estetica-Vestuario-Celular:Restaurantes
^
D19/01'2017
MBIKESITE CONTINENTAL
T-160.00
POutros
LE2. Extraordinarias (One Time):Outras
^
D20/01'2017
MSPR PAPELARIA E IN01/04
T-133.11
POutros
LB2. Educacao (Mensal):Livros-Material Escolar
^
D21/01'2017
MLOCCITANE SHOPPING01/02
T-94.00
POutros
LE1. Extraordinarias (Ongoing):Presentes
^
D21/01'2017
MLOCCITANE SHOPPING02/02
T-94.00
POutros
LE1. Extraordinarias (Ongoing):Presentes
^
D21/01'2017
MQUIOSQUE DO ZE
T-233.42
PRestaurantes
LC1. Lazer-Estetica-Vestuario-Celular:Restaurantes
^
D21/01'2017
MCOCO BAMBU
T-207.90
PRestaurantes
LC1. Lazer-Estetica-Vestuario-Celular:Restaurantes
^
D21/01'2017
MHIPERPETRO II
T-105.50
PCombustível
LF. Automoveis:Combustivel-Lavagem-Oleo
^
D21/01'2017
MFASCAR-SH.VILLA LOBOS
T0.04
POutros
LB. Outras Receitas:Ajustes
^
D21/01'2017
MZARA-SH.VILLA LOBO02/03
T-86.00
PZara
LC1. Lazer-Estetica-Vestuario-Celular:Vestuario Eduardo-Carla
^
D21/01'2017
MFASCAR-SH.VILLA LO02/03
T-137.68
POutros
LC1. Lazer-Estetica-Vestuario-Celular:Vestuario Eduardo-Carla
^
D22/01'2017
MH3 SAO PAULO COMERCIO
T-63.90
PRestaurantes
LC1. Lazer-Estetica-Vestuario-Celular:Restaurantes
^
D22/01'2017
MLJ0017 VILLA LOBOS SP
T-13.00
PRestaurantes
LC1. Lazer-Estetica-Vestuario-Celular:Restaurantes
^
D22/01'2017
MKOPENHAGEN
T-21.40
PRestaurantes
LC1. Lazer-Estetica-Vestuario-Celular:Restaurantes
^
D22/01'2017
MOPPA DESIGN LTDA 01/10
T-528.59
POppa Design
L[Residencia Lorian]
^
D23/01'2017
MEMPORIO DAS PISCINAS
T0.04
POutros
LB. Outras Receitas:Ajustes
^
D23/01'2017
MEMPORIO DAS PISCIN02/03
T-216.68
POutros
LE1. Extraordinarias (Ongoing):Residencia Moveis-Eletro-Servicos
^
D23/01'2017
MEMPORIO DAS PISCIN03/03
T-216.68
POutros
LE1. Extraordinarias (Ongoing):Residencia Moveis-Eletro-Servicos
^
D23/01'2017
MKALUNGA SHOPPING ELDOR
T0.02
Pkalunga
LB. Outras Receitas:Ajustes
^
D23/01'2017
MKALUNGA SHOPPING E02/03
T-55.34
Pkalunga
LB2. Educacao (Mensal):Livros-Material Escolar
^
D23/01'2017
MLOJAS AMERICANAS 102/10
T-39.90
POutros
LB2. Educacao (Mensal):Livros-Material Escolar
^
D23/01'2017
M35DN ELDORADO 02/05
T-116.00
POutros
LE1. Extraordinarias (Ongoing):Presentes
^
D23/01'2017
MCANAL ELDORADO 02/02
T-69.50
POutros
LE1. Extraordinarias (Ongoing):Presentes
^
D23/01'2017
MPARK LIDERSANTOS
T-28.00
PEstapar
LE1. Extraordinarias (Ongoing):Taxi-Estacionamento
^
D23/01'2017
MZ DELI SANDUICHES II
T-51.15
PRestaurantes
LC1. Lazer-Estetica-Vestuario-Celular:Restaurantes
^
D23/01'2017
MMOB 01/03
T-163.34
POutros
LC1. Lazer-Estetica-Vestuario-Celular:Vestuario Eduardo-Carla
^
D23/01'2017
MHOTEL URBANO*585d0b928
T0.15
POutros
LB. Outras Receitas:Ajustes
^
D23/01'2017
MHOTEL URBANO*585d002/06
T-576.31
PHotel
LD. Viagens:Tkt-Hotel-Auto
^
D24/01'2017
MTABERNA GAUCHA
T-45.30
PRestaurantes
LC1. Lazer-Estetica-Vestuario-Celular:Restaurantes
^
D24/01'2017
MEXTRA JAGUARE 1357
T-130.86
PSupermercado
LB1. Alimentacao-Drogaria-Vet:Mercado-Padaria-Vinhos
^
D25/01'2017
MPIRAPANEMA SERVICOS AU
T-109.47
PCombustível
LF. Automoveis:Combustivel-Lavagem-Oleo
^
D25/01'2017
MPIRAPANEMA SERVICOS AU
T-109.47
PCombustível
LF. Automoveis:Combustivel-Lavagem-Oleo
^
D26/01'2017
MC&C OSASCO 02/05
T-117.92
PC&C
L[Residencia Lorian]
^
D26/01'2017
MCASA CHIC 01/04
T-158.45
POutros
LE1. Extraordinarias (Ongoing):Residencia Moveis-Eletro-Servicos
^
D26/01'2017
MIZ*PADEIRAS EM CASA
T-24.00
PRestaurantes
LC1. Lazer-Estetica-Vestuario-Celular:Restaurantes
^
D26/01'2017
MMARIA LUCIA TADEU MORA
T-12.00
PRestaurantes
LC1. Lazer-Estetica-Vestuario-Celular:Restaurantes
^
D27/01'2017
MMUNDO DO ENXOVAL 01/06
T-154.40
POutros
LE1. Extraordinarias (Ongoing):Residencia Moveis-Eletro-Servicos
^
D27/01'2017
MMOAS 01/04 pendentes
T-889.23
PSPOT
L[Residencia Lorian]
^
D27/01'2017
MKOPENHAGEN
T-12.00
PRestaurantes
LC1. Lazer-Estetica-Vestuario-Celular:Restaurantes
^
D27/01'2017
MMADERO SAO PAULO
T-71.50
PRestaurantes
LC1. Lazer-Estetica-Vestuario-Celular:Restaurantes
^
D27/01'2017
MOFNER-ANALIA FRANCO
T-27.90
PRestaurantes
LC1. Lazer-Estetica-Vestuario-Celular:Restaurantes
^
D27/01'2017
MLJ0017 VILLA LOBOS SP
T-13.00
PRestaurantes
LC1. Lazer-Estetica-Vestuario-Celular:Restaurantes
^
D27/01'2017
MEMPORIONAKA 01/02
T-149.85
POutros
LC1. Lazer-Estetica-Vestuario-Celular:Vestuario Eduardo-Carla
^
D27/01'2017
MSAMPA PRIME GOURMET
T-33.00
PRestaurantes
LC1. Lazer-Estetica-Vestuario-Celular:Restaurantes
^
D27/01'2017
MAUTO VAGAS WTC
T-16.00
PEstapar
LE1. Extraordinarias (Ongoing):Taxi-Estacionamento
^
D27/01'2017
MMOAS
T0.03
PSPOT
LB. Outras Receitas:Ajustes
^
D28/01'2017
MCOBASI VILA LOBOS
T0.04
POutros
LB. Outras Receitas:Ajustes
^
D28/01'2017
MCOBASI VILA LOBOS 02/03
T-122.18
POutros
LE1. Extraordinarias (Ongoing):Residencia Moveis-Eletro-Servicos
^
D28/01'2017
MD P METSU HOT ME 01/02
T-493.50
PHotel
LD. Viagens:Tkt-Hotel-Auto
^
D28/01'2017
MPAO DO PARQUE II
T-28.40
PPao do Parque
LB1. Alimentacao-Drogaria-Vet:Mercado-Padaria-Vinhos
^
D28/01'2017
MRESTAURANTE DA IMIGRAN
T-29.30
PRestaurantes
LC1. Lazer-Estetica-Vestuario-Celular:Restaurantes
^
D28/01'2017
MBABBO GIOVANNI
T-111.11
PRestaurantes
LC1. Lazer-Estetica-Vestuario-Celular:Restaurantes
^
D28/01'2017
MPALETERIA MEXICANA
T-18.00
PRestaurantes
LC1. Lazer-Estetica-Vestuario-Celular:Restaurantes
^
D28/01'2017
M5 A SEC
T-52.00
PIG Lavanderia
LE1. Extraordinarias (Ongoing):Residencia Moveis-Eletro-Servicos
^
D29/01'2017
MPALETERIA MEXICANA
T-15.00
PRestaurantes
LC1. Lazer-Estetica-Vestuario-Celular:Restaurantes
^
D29/01'2017
MPAO DO PARQUE II
T-17.61
PPao do Parque
LB1. Alimentacao-Drogaria-Vet:Mercado-Padaria-Vinhos
^
D29/01'2017
MREST FUJIYAMA
T-229.68
PRestaurantes
LC1. Lazer-Estetica-Vestuario-Celular:Restaurantes
^
D29/01'2017
MDROGA RAIA F106
T-81.63
PDrogaria
LB1. Alimentacao-Drogaria-Vet:Drogaria
^
D30/01'2017
MMULTI CENTER COMER01/02
T-57.35
POutros
LB2. Educacao (Mensal):Livros-Material Escolar
^
D30/01'2017
MA PLUS IND COM ACE01/03
T-196.50
PA Plus
LC1. Lazer-Estetica-Vestuario-Celular:Vestuario Marina-Felipe
^
D30/01'2017
MCENTER CARNES SANTA MA
T-68.84
PRestaurantes
LC1. Lazer-Estetica-Vestuario-Celular:Restaurantes
^
D30/01'2017
MWORK BOOK
T-46.00
POutros
LB2. Educacao (Mensal):Livros-Material Escolar
^
D30/01'2017
MFRUTARIA COLLINAS
T-62.35
PSupermercado
LB1. Alimentacao-Drogaria-Vet:Mercado-Padaria-Vinhos
^
D30/01'2017
MSTAR 013
T-38.80
PRestaurantes
LC1. Lazer-Estetica-Vestuario-Celular:Restaurantes
^
D31/01'2017
MCAMICADO-SH.ELDORA02/05
T-342.76
POutros
LE1. Extraordinarias (Ongoing):Residencia Moveis-Eletro-Servicos
^
D31/01'2017
MKALUNGA IMPERATRIZ LEO
T-39.68
Pkalunga
LB2. Educacao (Mensal):Livros-Material Escolar
^
D31/01'2017
MSARAIVA COM
T-30.40
POutros
LB2. Educacao (Mensal):Livros-Material Escolar
^
D01/02'2017
MPERS BLACK  3602-0104
T12,475.30
PMastercad Black
L[Itau Personnalité]
^
D01/02'2017
MCASA LOJA COMERCIAL
T-71.10
POutros
LE1. Extraordinarias (Ongoing):Residencia Moveis-Eletro-Servicos
^
D01/02'2017
MNOVA VILA COLMEIA
T-11.40
PRestaurantes
LC1. Lazer-Estetica-Vestuario-Celular:Restaurantes
^
D02/02'2017
MCASA ALMEIDA-V.LOB03/08
T-333.16
PCasa Almeida
L[Residencia Lorian]
^
D02/02'2017
MLEROY MERLIN
T0.08
PLeroy Merlin
LB. Outras Receitas:Ajustes
^
D02/02'2017
MLEROY MERLIN 02/05
T-108.00
PLeroy Merlin
L[Residencia Lorian]
^
D02/02'2017
MPAGSEGUROUOL*DueFamePa
T-49.00
POutros
LE2. Extraordinarias (One Time):Outras
^
D02/02'2017
MWAL MART LJ 2801 PDV
T-25.96
PSupermercado
LB1. Alimentacao-Drogaria-Vet:Mercado-Padaria-Vinhos
^
D02/02'2017
MK F C
T-39.00
PRestaurantes
LC1. Lazer-Estetica-Vestuario-Celular:Restaurantes
^
D02/02'2017
MCASA ALMEIDA-V.LOB04/08
T-333.16
PCasa Almeida
L[Residencia Lorian]
^
D02/02'2017
MLEROY MERLIN 03/05
T-108.00
PLeroy Merlin
L[Residencia Lorian]
^
D03/02'2017
MAMERICANAS-231-JD.SUL
T-6.99
PRestaurantes
LC1. Lazer-Estetica-Vestuario-Celular:Restaurantes
^
D03/02'2017
MAMERICA JD SUL
T-158.20
PRestaurantes
LC1. Lazer-Estetica-Vestuario-Celular:Restaurantes
^
D03/02'2017
MLJ0014 ANAPURUS SP
T-39.00
PRestaurantes
LC1. Lazer-Estetica-Vestuario-Celular:Restaurantes
^
D03/02'2017
MSARAIVA JD SUL 69
T-60.69
POutros
LB2. Educacao (Mensal):Livros-Material Escolar
^
D04/02'2017
MBANHO DESIGN COM A01/03
T-213.34
PBanho Design
L[Residencia Lorian]
^
D04/02'2017
MPADARIA E PIZZARIA D P
T-32.50
PRestaurantes
LC1. Lazer-Estetica-Vestuario-Celular:Restaurantes
^
D04/02'2017
MC E A 275 03/03
T-89.32
POutros
LC1. Lazer-Estetica-Vestuario-Celular:Vestuario Eduardo-Carla
^
D04/02'2017
MZEKA CABELEREIRO
T-150.00
PZeka Cabelereiro
LC1. Lazer-Estetica-Vestuario-Celular:Estetica-Massagem
^
D04/02'2017
MRICARDOELETRO 04/07
T-569.34
PRicardo Eletro
L[Residencia Lorian]
^
D04/02'2017
MBANHO DESIGN COM ARTIG
T0.02
POutros
LB. Outras Receitas:Ajustes
^
D04/02'2017
MRICARDOELETRO 05/07
T-569.34
PRicardo Eletro
L[Residencia Lorian]
^
D07/02'2017
MLEROY MERLIN 04/04
T-102.88
PLeroy Merlin
L[Residencia Lorian]
^
D09/02'2017
MMADERO CONTAINER TAUBA
T-32.00
PRestaurantes
LC1. Lazer-Estetica-Vestuario-Celular:Restaurantes
^
D09/02'2017
MPISTACHE GELATERIA
T-15.30
PRestaurantes
LC1. Lazer-Estetica-Vestuario-Celular:Restaurantes
^
D10/02'2017
MHOTEL FARO
T-215.00
PIntercepti
LE2. Extraordinarias (One Time):Investimentos na Empresa
^
D12/02'2017
MOUTLET HASSIB 04/05
T-130.36
POutros
LC1. Lazer-Estetica-Vestuario-Celular:Vestuario Eduardo-Carla
^
D12/02'2017
MOUTLET HASSIB 05/05
T-130.36
POutros
LC1. Lazer-Estetica-Vestuario-Celular:Vestuario Eduardo-Carla
^
D13/02'2017
MENGLISH CAMP 08/10
T-266.00
PEnglish Camp
LD. Viagens:Tkt-Hotel-Auto
^
D13/02'2017
MENGLISH CAMP 09/10
T-266.00
PEnglish Camp
LD. Viagens:Tkt-Hotel-Auto
^
D14/02'2017
MJTSTETIC 03/07
T-200.00
POutros
LC1. Lazer-Estetica-Vestuario-Celular:Estetica-Massagem
^
D15/02'2017
MDROGARIA SAO PAULO 241
T-16.09
PDrogaria
LB1. Alimentacao-Drogaria-Vet:Drogaria
^
D16/02'2017
MBABOO - CHOCOLATES. DO
T-51.65
PSupermercado
LB1. Alimentacao-Drogaria-Vet:Mercado-Padaria-Vinhos
^
D16/02'2017
MVIENA ALBERT EINSTEIN.
T-123.53
PRestaurantes
LC1. Lazer-Estetica-Vestuario-Celular:Restaurantes
^
D17/02'2017
MWORK BOOK
T-61.90
POutros
LB2. Educacao (Mensal):Livros-Material Escolar
^
D17/02'2017
MCOPELI
T-90.70
PCopeli Matl Eletrico
L[Residencia Lorian]
^
D17/02'2017
MESPACO VILA GOUMERT
T-5.40
PRestaurantes
LC1. Lazer-Estetica-Vestuario-Celular:Restaurantes
^
D17/02'2017
MRED
T-65.34
PRestaurantes
LC1. Lazer-Estetica-Vestuario-Celular:Restaurantes
^
D17/02'2017
MNOVA VILA COLMEIA
T-11.40
PRestaurantes
LC1. Lazer-Estetica-Vestuario-Celular:Restaurantes
^
D17/02'2017
MSTAR 013
T-7.70
PRestaurantes
LC1. Lazer-Estetica-Vestuario-Celular:Restaurantes
^
D17/02'2017
MSTAR 013
T-50.00
PRestaurantes
LC1. Lazer-Estetica-Vestuario-Celular:Restaurantes
^
D17/02'2017
MDROGARIA SAO PAULO S A
T-78.27
PDrogaria
LB1. Alimentacao-Drogaria-Vet:Drogaria
^
D18/02'2017
MRESTAURANTE HANABI
T-224.40
PRestaurantes
LC1. Lazer-Estetica-Vestuario-Celular:Restaurantes
^
D18/02'2017
MZEKA CABELEREIRO
T-60.00
PZeka Cabelereiro
LC1. Lazer-Estetica-Vestuario-Celular:Estetica-Massagem
^
D18/02'2017
MBURGER BROS
T-144.65
PRestaurantes
LC1. Lazer-Estetica-Vestuario-Celular:Restaurantes
^
D19/02'2017
MBOVINU S REBOUCAS
T-340.84
PRestaurantes
LC1. Lazer-Estetica-Vestuario-Celular:Restaurantes
^
D19/02'2017
MPAO DO PARQUE II
T-25.39
PPao do Parque
LB1. Alimentacao-Drogaria-Vet:Mercado-Padaria-Vinhos
^
D19/02'2017
MEXTRA POSTO 2725 JAGUA
T-184.36
PCombustível
LF. Automoveis:Combustivel-Lavagem-Oleo
^
D20/02'2017
MSPR PAPELARIA E INFORM
T0.09
POutros
LB. Outras Receitas:Ajustes
^
D20/02'2017
MSPR PAPELARIA E IN02/04
T-133.11
POutros
LB2. Educacao (Mensal):Livros-Material Escolar
^
D20/02'2017
MMADERO CONTAINER TAUBA
T-32.00
PRestaurantes
LC1. Lazer-Estetica-Vestuario-Celular:Restaurantes
^
D20/02'2017
MEMPORIO DE COSMETI01/03
T-72.60
POutros
LC1. Lazer-Estetica-Vestuario-Celular:Estetica-Massagem
^
D20/02'2017
MMUNDO VERDE PANAMBY
T-24.60
PRestaurantes
LC1. Lazer-Estetica-Vestuario-Celular:Restaurantes
^
D20/02'2017
MFOM ELDORADO
T-77.94
POutros
LE1. Extraordinarias (Ongoing):Presentes
^
D21/02'2017
MPOSTO SOL DA DUTRA
T-151.37
PCombustível
LF. Automoveis:Combustivel-Lavagem-Oleo
^
D21/02'2017
MRESTAURANTE PIEMONTE
T-11.90
PRestaurantes
LC1. Lazer-Estetica-Vestuario-Celular:Restaurantes
^
D21/02'2017
MHOTEL FARO
T-152.00
PIntercepti
LE2. Extraordinarias (One Time):Investimentos na Empresa
^
D21/02'2017
MZARA-SH.VILLA LOBO03/03
T-86.00
PZara
LC1. Lazer-Estetica-Vestuario-Celular:Vestuario Eduardo-Carla
^
D21/02'2017
MFASCAR-SH.VILLA LO03/03
T-137.68
POutros
LC1. Lazer-Estetica-Vestuario-Celular:Vestuario Eduardo-Carla
^
D21/02'2017
MNUTRIBEM
T-18.50
PRestaurantes
LC1. Lazer-Estetica-Vestuario-Celular:Restaurantes
^
D22/02'2017
MRAIA DROGASIL 547 CENT
T-29.90
PDrogaria
LB1. Alimentacao-Drogaria-Vet:Drogaria
^
D22/02'2017
MOPPA DESIGN LTDA
T0.09
POutros
LB. Outras Receitas:Ajustes
^
D22/02'2017
MOPPA DESIGN LTDA 02/10
T-528.59
POppa Design
L[Residencia Lorian]
^
D23/02'2017
MKALUNGA SHOPPING E03/03
T-55.34
Pkalunga
LB2. Educacao (Mensal):Livros-Material Escolar
^
D23/02'2017
MLOJAS AMERICANAS 103/10
T-39.90
POutros
LB2. Educacao (Mensal):Livros-Material Escolar
^
D23/02'2017
M35DN ELDORADO 03/05
T-116.00
POutros
LC1. Lazer-Estetica-Vestuario-Celular:Vestuario Eduardo-Carla
^
D23/02'2017
MOUTBACK BZ73 GRANJA VI
T-132.55
PRestaurantes
LC1. Lazer-Estetica-Vestuario-Celular:Restaurantes
^
D23/02'2017
MMR CHENEY
T-12.00
PRestaurantes
LC1. Lazer-Estetica-Vestuario-Celular:Restaurantes
^
D23/02'2017
MMOB
T0.02
POutros
LB. Outras Receitas:Ajustes
^
D23/02'2017
MMOB 02/03
T-163.34
POutros
LC1. Lazer-Estetica-Vestuario-Celular:Vestuario Eduardo-Carla
^
D23/02'2017
MESTACIONAMENTO EINSTEI
T-28.00
PEstapar
LE1. Extraordinarias (Ongoing):Taxi-Estacionamento
^
D23/02'2017
MHOTEL URBANO*585d003/06
T-576.31
PHotel
LD. Viagens:Tkt-Hotel-Auto
^
D24/02'2017
MTUHU
T-26.68
PTuhu
LC1. Lazer-Estetica-Vestuario-Celular:Restaurantes
^
D25/02'2017
MCOBASI OSASCO
T-13.40
POutros
LE1. Extraordinarias (Ongoing):Residencia Moveis-Eletro-Servicos
^
D25/02'2017
MOUTBACK BZ 02 ALPHAVIL
T-228.80
PRestaurantes
LC1. Lazer-Estetica-Vestuario-Celular:Restaurantes
^
D25/02'2017
MDROGASIL 154
T-58.65
PDrogaria
LB1. Alimentacao-Drogaria-Vet:Drogaria
^
D26/02'2017
MC&C OSASCO 03/05
T-117.92
PC&C
L[Residencia Lorian]
^
D26/02'2017
MCASA CHIC 02/04
T-158.45
POutros
LE1. Extraordinarias (Ongoing):Residencia Moveis-Eletro-Servicos
^
D27/02'2017
MMUNDO DO ENXOVAL 02/06
T-154.40
POutros
LE1. Extraordinarias (Ongoing):Residencia Moveis-Eletro-Servicos
^
D27/02'2017
MMOAS 02/04 pendentes
T-889.23
PSPOT
L[Residencia Lorian]
^
D27/02'2017
MALMANARA SH VILLA LO
T-152.00
PRestaurantes
LC1. Lazer-Estetica-Vestuario-Celular:Restaurantes
^
D27/02'2017
MLJ0017 VILLA LOBOS SP
T-45.00
PRestaurantes
LC1. Lazer-Estetica-Vestuario-Celular:Restaurantes
^
D27/02'2017
MEMPORIONAKA 02/02
T-149.85
POutros
LC1. Lazer-Estetica-Vestuario-Celular:Vestuario Eduardo-Carla
^
D28/02'2017
MCOBASI VILA LOBOS 03/03
T-122.18
POutros
LE1. Extraordinarias (Ongoing):Residencia Moveis-Eletro-Servicos
^
D28/02'2017
MCAMICADO-SH.ELDORA03/05
T-342.76
POutros
LE1. Extraordinarias (Ongoing):Residencia Moveis-Eletro-Servicos
^
D28/02'2017
MD P METSU HOT ME 02/02
T-493.50
PHotel
LD. Viagens:Tkt-Hotel-Auto
^
D28/02'2017
MMULTI CENTER COMER02/02
T-57.35
POutros
LB2. Educacao (Mensal):Livros-Material Escolar
^
D28/02'2017
MA PLUS IND COM ACE02/03
T-196.50
PA Plus
LC1. Lazer-Estetica-Vestuario-Celular:Vestuario Marina-Felipe
^
D28/02'2017
MLEROY MERLIN 01/03
T-104.24
PLeroy Merlin
L[Residencia Lorian]
^
D28/02'2017
MRESTAURANTE HANABI
T-213.40
PRestaurantes
LC1. Lazer-Estetica-Vestuario-Celular:Restaurantes
^
D28/02'2017
MINTIMISSIMI 01/04
T-62.00
PIntimissimi
LC1. Lazer-Estetica-Vestuario-Celular:Vestuario Eduardo-Carla
^
D28/02'2017
MMOB
T-269.00
POutros
LC1. Lazer-Estetica-Vestuario-Celular:Vestuario Eduardo-Carla
^
D01/03'2017
MJIKAM
T-115.78
PRestaurantes
LC1. Lazer-Estetica-Vestuario-Celular:Restaurantes
^
D01/03'2017
MPERS BLACK  3602-0104
T10,174.37
PMastercad Black
L[Itau Personnalité]
^
D02/03'2017
MRED SUPERMERCADO
T-42.53
PSupermercado
LB1. Alimentacao-Drogaria-Vet:Mercado-Padaria-Vinhos
^
D02/03'2017
MCASA ALMEIDA-V.LOB05/08
T-333.16
PCasa Almeida
L[Residencia Lorian]
^
D02/03'2017
MLEROY MERLIN 04/05
T-108.00
PLeroy Merlin
L[Residencia Lorian]
^
D04/03'2017
MBANHO DESIGN COM A02/03
T-213.34
PBanho Design
L[Residencia Lorian]
^
D04/03'2017
MALL PARMEGIANA
T-37.30
PRestaurantes
LC1. Lazer-Estetica-Vestuario-Celular:Restaurantes
^
D04/03'2017
MLA MAR
T-314.93
PRestaurantes
LC1. Lazer-Estetica-Vestuario-Celular:Restaurantes
^
D04/03'2017
MBRITO PARK
T-24.00
PEstapar
LE1. Extraordinarias (Ongoing):Taxi-Estacionamento
^
D04/03'2017
MBURGER KING CONTINENTA
T-16.90
PRestaurantes
LC1. Lazer-Estetica-Vestuario-Celular:Restaurantes
^
D04/03'2017
MBANHO DESIGN COM A03/03
T-213.34
PBanho Design
L[Residencia Lorian]
^
D06/03'2017
MRESTAURANTE PIEMONTE
T-14.80
PRestaurantes
LC1. Lazer-Estetica-Vestuario-Celular:Restaurantes
^
D06/03'2017
MMADERO CONTAINER TAUBA
T-32.00
PRestaurantes
LC1. Lazer-Estetica-Vestuario-Celular:Restaurantes
^
D07/03'2017
MHOTEL FARO
T-152.00
PIntercepti
LE2. Extraordinarias (One Time):Investimentos na Empresa
^
D08/03'2017
MPOSTO MINUANO
T-166.02
PCombustível
LF. Automoveis:Combustivel-Lavagem-Oleo
^
D08/03'2017
MDONA DEOLA
T-90.13
PRestaurantes
LC1. Lazer-Estetica-Vestuario-Celular:Restaurantes
^
D08/03'2017
MCAFE DO PONTO
T-3.40
PRestaurantes
LC1. Lazer-Estetica-Vestuario-Celular:Restaurantes
^
D08/03'2017
MOPPA DESIGN LTDA 01/04
T-80.07
POppa Design
L[Residencia Lorian]
^
D08/03'2017
MOPPA DESIGN LTDA
T0.03
POppa Design
LB. Outras Receitas:Ajustes
^
D08/03'2017
MOPPA DESIGN LTDA 02/04
T-80.07
POppa Design
L[Residencia Lorian]
^
D09/03'2017
MPAGSEGUROUOL*Queijos
T-75.00
PSupermercado
LB1. Alimentacao-Drogaria-Vet:Mercado-Padaria-Vinhos
^
D09/03'2017
M1087 - GRSA GRSA CLARI
T-19.20
PRestaurantes
LC1. Lazer-Estetica-Vestuario-Celular:Restaurantes
^
D09/03'2017
MRAIA DROGASIL 547 CENT
T-66.54
PDrogaria
LB1. Alimentacao-Drogaria-Vet:Drogaria
^
D09/03'2017
MCARREFOUR CENESP
T-51.92
PSupermercado
LB1. Alimentacao-Drogaria-Vet:Mercado-Padaria-Vinhos
^
D10/03'2017
MVIENA ALBERT EINSTEIN.
T-29.90
PRestaurantes
LC1. Lazer-Estetica-Vestuario-Celular:Restaurantes
^
D10/03'2017
MKOPENHAGEN
T-52.70
PRestaurantes
LC1. Lazer-Estetica-Vestuario-Celular:Restaurantes
^
D13/03'2017
MCARREFOUR SPV 250
T-57.40
PSupermercado
LB1. Alimentacao-Drogaria-Vet:Mercado-Padaria-Vinhos
^
D13/03'2017
MKOPENHAGEN
T-8.90
PRestaurantes
LC1. Lazer-Estetica-Vestuario-Celular:Restaurantes
^
D14/03'2017
MFORNALHA GRILL
T-36.32
PRestaurantes
LC1. Lazer-Estetica-Vestuario-Celular:Restaurantes
^
D14/03'2017
MREDE FRANGO ASSADO SJC
T-41.04
PRestaurantes
LC1. Lazer-Estetica-Vestuario-Celular:Restaurantes
^
D14/03'2017
MRAIA DROGASIL 547 CENT
T-25.05
PDrogaria
LB1. Alimentacao-Drogaria-Vet:Drogaria
^
D16/03'2017
MESTACIONAMENTO EINSTEI
T-18.00
PEstapar
LE1. Extraordinarias (Ongoing):Taxi-Estacionamento
^
D17/03'2017
MKOPENHAGEN
T-51.30
PRestaurantes
LC1. Lazer-Estetica-Vestuario-Celular:Restaurantes
^
D17/03'2017
MRAIA DROGASIL 547 CENT
T-20.16
PDrogaria
LB1. Alimentacao-Drogaria-Vet:Drogaria
^
D18/03'2017
MREST FUJIYAMA
T-238.81
PRestaurantes
LC1. Lazer-Estetica-Vestuario-Celular:Restaurantes
^
D19/03'2017
MPAO DO PARQUE II
T-40.25
PPao do Parque
LB1. Alimentacao-Drogaria-Vet:Mercado-Padaria-Vinhos
^
D20/03'2017
MSPR PAPELARIA E IN03/04
T-133.11
POutros
LB2. Educacao (Mensal):Livros-Material Escolar
^
D20/03'2017
MEMPORIO DE COSMETI02/03
T-72.60
POutros
LC1. Lazer-Estetica-Vestuario-Celular:Estetica-Massagem
^
D21/03'2017
MMADERO ELDORADO
T-71.40
PRestaurantes
LC1. Lazer-Estetica-Vestuario-Celular:Restaurantes
^
D21/03'2017
MLJ0013 BACIO DI LATTE
T-40.00
PRestaurantes
LC1. Lazer-Estetica-Vestuario-Celular:Restaurantes
^
D21/03'2017
MVIVA ALLEGRA-V.LOB01/02
T-50.00
POutros
LC1. Lazer-Estetica-Vestuario-Celular:Vestuario Eduardo-Carla
^
D21/03'2017
MRI HAPPY BRINQUEDO01/02
T-65.00
PRi Happy
LE1. Extraordinarias (Ongoing):Presentes
^
D22/03'2017
MCENTER CARNES SANTA MA
T-69.26
PSupermercado
LB1. Alimentacao-Drogaria-Vet:Mercado-Padaria-Vinhos
^
D22/03'2017
MPAO DO PARQUE II
T-11.40
PPao do Parque
LB1. Alimentacao-Drogaria-Vet:Mercado-Padaria-Vinhos
^
D22/03'2017
MFRUTARIA COLLINAS
T-43.34
PSupermercado
LB1. Alimentacao-Drogaria-Vet:Mercado-Padaria-Vinhos
^
D22/03'2017
MAPPLEBEE S
T-90.75
PRestaurantes
LC1. Lazer-Estetica-Vestuario-Celular:Restaurantes
^
D22/03'2017
MCARREFOUR CENESP
T-42.27
PSupermercado
LB1. Alimentacao-Drogaria-Vet:Mercado-Padaria-Vinhos
^
D22/03'2017
MOPPA DESIGN LTDA 03/10
T-528.59
POppa Design
L[Residencia Lorian]
^
D23/03'2017
MLOJAS AMERICANAS 104/10
T-39.90
POutros
LB2. Educacao (Mensal):Livros-Material Escolar
^
D23/03'2017
M35DN ELDORADO 04/05
T-116.00
POutros
LC1. Lazer-Estetica-Vestuario-Celular:Vestuario Eduardo-Carla
^
D23/03'2017
MCICERO CARDOSO RAMOS
T-6.00
POutros
LC1. Lazer-Estetica-Vestuario-Celular:Estetica-Massagem
^
D23/03'2017
MMARIA LUCIA TADEU MORA
T-6.00
PRestaurantes
LC1. Lazer-Estetica-Vestuario-Celular:Restaurantes
^
D23/03'2017
MTUHU
T-32.31
PTuhu
LC1. Lazer-Estetica-Vestuario-Celular:Restaurantes
^
D23/03'2017
MMOB 03/03
T-163.34
POutros
LC1. Lazer-Estetica-Vestuario-Celular:Vestuario Eduardo-Carla
^
D23/03'2017
MHOTEL URBANO*585d004/06
T-576.31
PHotel
LD. Viagens:Tkt-Hotel-Auto
^
D24/03'2017
MTUHU
T-28.46
PTuhu
LC1. Lazer-Estetica-Vestuario-Celular:Restaurantes
^
D26/03'2017
MC&C OSASCO 04/05
T-117.92
PC&C
L[Residencia Lorian]
^
D26/03'2017
MCASA CHIC 03/04
T-158.45
POutros
LE1. Extraordinarias (Ongoing):Residencia Moveis-Eletro-Servicos
^
D26/03'2017
MPIRAPANEMA SERVICOS AU
T-174.62
PCombustível
LF. Automoveis:Combustivel-Lavagem-Oleo
^
D26/03'2017
MPAO DO PARQUE
T-83.05
PPao do Parque
LB1. Alimentacao-Drogaria-Vet:Mercado-Padaria-Vinhos
^
D27/03'2017
MMUNDO DO ENXOVAL 03/06
T-154.40
POutros
LE1. Extraordinarias (Ongoing):Residencia Moveis-Eletro-Servicos
^
D27/03'2017
MMOAS 03/04 pendentes
T-889.23
PSPOT
L[Residencia Lorian]
^
D27/03'2017
MEL CAMINO FOODS S.A.
T-104.07
PRestaurantes
LC1. Lazer-Estetica-Vestuario-Celular:Restaurantes
^
D27/03'2017
MLJ0013 BACIO DI LATTE
T-12.00
PRestaurantes
LC1. Lazer-Estetica-Vestuario-Celular:Restaurantes
^
D28/03'2017
MLEROY MERLIN
T0.04
PLeroy Merlin
LB. Outras Receitas:Ajustes
^
D28/03'2017
MLEROY MERLIN 02/03
T-104.24
PLeroy Merlin
L[Residencia Lorian]
^
D28/03'2017
MSTAR 013
T-13.90
PRestaurantes
LC1. Lazer-Estetica-Vestuario-Celular:Restaurantes
^
D28/03'2017
MVIA BRASIL
T-159.80
POutros
LC1. Lazer-Estetica-Vestuario-Celular:Vestuario Eduardo-Carla
^
D28/03'2017
MINTIMISSIMI 02/04
T-62.00
PIntimissimi
LC1. Lazer-Estetica-Vestuario-Celular:Vestuario Eduardo-Carla
^
D28/03'2017
MESTACIONAMENTO EINSTEI
T-28.00
PEstapar
LE1. Extraordinarias (Ongoing):Taxi-Estacionamento
^
D28/03'2017
MARP MED 01/03
T-760.01
PArp Med
LE2. Extraordinarias (One Time):Medicos-Clinicas-Exames
^
D30/03'2017
MA PLUS IND COM ACE03/03
T-196.50
PA Plus
LC1. Lazer-Estetica-Vestuario-Celular:Vestuario Marina-Felipe
^
D30/03'2017
MFRUTARIA SAO FRANCISCO
T-166.72
PSupermercado
LB1. Alimentacao-Drogaria-Vet:Mercado-Padaria-Vinhos
^
D30/03'2017
MTUHU
T-24.17
PTuhu
LC1. Lazer-Estetica-Vestuario-Celular:Restaurantes
^
D30/03'2017
MPAGSEGUROUOL*Queijos
T-57.00
PSupermercado
LB1. Alimentacao-Drogaria-Vet:Mercado-Padaria-Vinhos
^
D31/03'2017
MCAMICADO-SH.ELDORA04/05
T-342.76
POutros
LE1. Extraordinarias (Ongoing):Residencia Moveis-Eletro-Servicos
^
D31/03'2017
MPESCADOS SANTA CLARA
T-50.00
PSupermercado
LB1. Alimentacao-Drogaria-Vet:Mercado-Padaria-Vinhos
^
D31/03'2017
MCARREFOUR SPV 250
T-123.48
PSupermercado
LB1. Alimentacao-Drogaria-Vet:Mercado-Padaria-Vinhos
^
D31/03'2017
MGENERAL PRIME BURGER
T-74.25
PRestaurantes
LC1. Lazer-Estetica-Vestuario-Celular:Restaurantes
^
D01/04'2017
MRED
T-62.46
PSupermercado
LB1. Alimentacao-Drogaria-Vet:Mercado-Padaria-Vinhos
^
D01/04'2017
MPAO DO PARQUE II
T-18.32
PPao do Parque
LB1. Alimentacao-Drogaria-Vet:Mercado-Padaria-Vinhos
^
D01/04'2017
MFRUTARIA COLLINAS
T-19.24
PSupermercado
LB1. Alimentacao-Drogaria-Vet:Mercado-Padaria-Vinhos
^
D01/04'2017
MTONY ROMA S RIBS
T-199.32
PRestaurantes
LC1. Lazer-Estetica-Vestuario-Celular:Restaurantes
^
D01/04'2017
MZEKA CABELEREIRO
T-60.00
PZeka Cabelereiro
LC1. Lazer-Estetica-Vestuario-Celular:Estetica-Massagem
^
D02/04'2017
MMAMBO DELIVERY
T-859.86
PMambo Supermercado
LB1. Alimentacao-Drogaria-Vet:Mercado-Padaria-Vinhos
^
D03/04'2017
MPERS BLACK  3602-0104
T11,718.86
PMastercad Black
L[Itau Personnalité]
^
D03/04'2017
MRECANTO DA VITORIA
T-50.00
PCombustível
LF. Automoveis:Combustivel-Lavagem-Oleo
^
D03/04'2017
MEMPORIO DAS COMIDAS
T-60.30
PRestaurantes
LC1. Lazer-Estetica-Vestuario-Celular:Restaurantes
^
D03/04'2017
MLJ0017 VILLA LOBOS SP
T-38.00
PRestaurantes
LC1. Lazer-Estetica-Vestuario-Celular:Restaurantes
^
D03/04'2017
MLAVA RAPIDO OSHIMA
T-42.00
PCombustível
LF. Automoveis:Combustivel-Lavagem-Oleo
^
D04/04'2017
MRICARDOELETRO 06/07
T-569.34
PRicardo Eletro
L[Residencia Lorian]
^
D05/04'2017
MLOJA 2766
T-160.60
PExtra
LB1. Alimentacao-Drogaria-Vet:Mercado-Padaria-Vinhos
^
D06/04'2017
MMARIA LUCIA TADEU MORA
T-6.00
PRestaurantes
LC1. Lazer-Estetica-Vestuario-Celular:Restaurantes
^
D06/04'2017
MIZ*KARINA PRIETO FERNA
T-32.00
POutros
LC1. Lazer-Estetica-Vestuario-Celular:Estetica-Massagem
^
D07/04'2017
MBRABUS SANTO AMARO01/04
T-405.46
POutros
LF. Automoveis:Manutencao-Revisao Auto
^
D07/04'2017
MAMERICA VILLA LOBOS
T-55.10
PRestaurantes
LC1. Lazer-Estetica-Vestuario-Celular:Restaurantes
^
D07/04'2017
MLJ0017 VILLA LOBOS SP
T-39.50
PRestaurantes
LC1. Lazer-Estetica-Vestuario-Celular:Restaurantes
^
D07/04'2017
MRESTAURANTE HANABI
T-190.30
PRestaurantes
LC1. Lazer-Estetica-Vestuario-Celular:Restaurantes
^
D08/04'2017
MJBS
T-56.36
PSupermercado
LB1. Alimentacao-Drogaria-Vet:Mercado-Padaria-Vinhos
^
D08/04'2017
MMANAGER ALL
T-86.50
PRestaurantes
LC1. Lazer-Estetica-Vestuario-Celular:Restaurantes
^
D08/04'2017
MZARA-SH.VILLA LOBO01/03
T-221.68
PZara
LC1. Lazer-Estetica-Vestuario-Celular:Vestuario Eduardo-Carla
^
D08/04'2017
MINTIMISSIMI
T-90.00
PIntimissimi
LC1. Lazer-Estetica-Vestuario-Celular:Vestuario Eduardo-Carla
^
D08/04'2017
MGWP BEAUTY HAIR BRASIL
T-39.00
POutros
LC1. Lazer-Estetica-Vestuario-Celular:Estetica-Massagem
^
D08/04'2017
MOPPA DESIGN LTDA
T320.25
POppa Design
LB. Outras Receitas:Devolucao - Pagto Emprestimo
^
D08/04'2017
MOPPA DESIGN LTDA 03/04
T-80.07
POppa Design
L[Residencia Lorian]
^
D08/04'2017
MOPPA DESIGN LTDA 04/04
T-80.07
POppa Design
L[Residencia Lorian]
^
D09/04'2017
MMASSAS RICCI
T-71.00
PRestaurantes
LC1. Lazer-Estetica-Vestuario-Celular:Restaurantes
^
D09/04'2017
MBEEF BOUTIQUE
T-35.46
PSupermercado
LB1. Alimentacao-Drogaria-Vet:Mercado-Padaria-Vinhos
^
D09/04'2017
MBOBS
T-10.00
PRestaurantes
LC1. Lazer-Estetica-Vestuario-Celular:Restaurantes
^
D09/04'2017
MBOBS
T-6.00
PRestaurantes
LC1. Lazer-Estetica-Vestuario-Celular:Restaurantes
^
D09/04'2017
MPAO DO PARQUE II
T-42.30
PPao do Parque
LB1. Alimentacao-Drogaria-Vet:Mercado-Padaria-Vinhos
^
D11/04'2017
MWENDYS BRASIL RESTAURA
T-29.50
PRestaurantes
LC1. Lazer-Estetica-Vestuario-Celular:Restaurantes
^
D11/04'2017
MMUNDO VERDE PANAMBY
T-72.40
PSupermercado
LB1. Alimentacao-Drogaria-Vet:Mercado-Padaria-Vinhos
^
D13/04'2017
MENGLISH CAMP 10/10
T-266.00
PEnglish Camp
LD. Viagens:Tkt-Hotel-Auto
^
D14/04'2017
MREDE PAPA
T-170.15
PCombustível
LF. Automoveis:Combustivel-Lavagem-Oleo
^
D14/04'2017
MJTSTETIC 04/07
T-200.00
POutros
LC1. Lazer-Estetica-Vestuario-Celular:Estetica-Massagem
^
D17/04'2017
MRAIA DROGASIL 547 CENT
T-60.70
PDrogaria
LB1. Alimentacao-Drogaria-Vet:Drogaria
^
D19/04'2017
MAR FAST FOOD DO BRASIL
T-16.00
PRestaurantes
LC1. Lazer-Estetica-Vestuario-Celular:Restaurantes
^
D20/04'2017
MSPR PAPELARIA E IN04/04
T-133.11
POutros
LB2. Educacao (Mensal):Livros-Material Escolar
^
D20/04'2017
MAR FAST FOOD DO BRASIL
T-10.00
PRestaurantes
LC1. Lazer-Estetica-Vestuario-Celular:Restaurantes
^
D20/04'2017
MCICERO CARDOSO RAMOS
T-7.50
POutros
LC1. Lazer-Estetica-Vestuario-Celular:Estetica-Massagem
^
D20/04'2017
MMARIA LUCIA TADEU MORA
T-6.00
PRestaurantes
LC1. Lazer-Estetica-Vestuario-Celular:Restaurantes
^
D20/04'2017
MCARREFOUR SPV 250
T-156.74
PSupermercado
LB1. Alimentacao-Drogaria-Vet:Mercado-Padaria-Vinhos
^
D20/04'2017
MCARREFOUR SPV 250
T-51.53
PSupermercado
LB1. Alimentacao-Drogaria-Vet:Mercado-Padaria-Vinhos
^
D20/04'2017
MTUHU
T-20.71
PTuhu
LC1. Lazer-Estetica-Vestuario-Celular:Restaurantes
^
D20/04'2017
MPAGSEGUROUOL*DueFamePa
T-16.00
POutros
LE1. Extraordinarias (Ongoing):Residencia Moveis-Eletro-Servicos
^
D20/04'2017
MEMPORIO DE COSMETI03/03
T-72.60
POutros
LC1. Lazer-Estetica-Vestuario-Celular:Estetica-Massagem
^
D21/04'2017
MDENY SPORTS 01/02
T-69.95
POutros
LE1. Extraordinarias (Ongoing):Presentes
^
D21/04'2017
MLIMA E VELLARDO NOZES
T-18.00
POutros
LC1. Lazer-Estetica-Vestuario-Celular:Estetica-Massagem
^
D21/04'2017
MCENTAURO 133-G.VIANNA
T-49.99
POutros
LC1. Lazer-Estetica-Vestuario-Celular:Vestuario Eduardo-Carla
^
D21/04'2017
MMR CHENEY
T-33.00
PRestaurantes
LC1. Lazer-Estetica-Vestuario-Celular:Restaurantes
^
D21/04'2017
MAPPLEBEE S
T-141.88
PRestaurantes
LC1. Lazer-Estetica-Vestuario-Celular:Restaurantes
^
D21/04'2017
MRI HAPPY BRINQUEDOS
T0.01
PRi Happy
LB. Outras Receitas:Ajustes
^
D21/04'2017
MVIVA ALLEGRA-V.LOB02/02
T-50.00
POutros
LC1. Lazer-Estetica-Vestuario-Celular:Vestuario Eduardo-Carla
^
D21/04'2017
MRI HAPPY BRINQUEDO02/02
T-65.00
PRi Happy
LE1. Extraordinarias (Ongoing):Presentes
^
D22/04'2017
MOPPA DESIGN LTDA
T1,236.47
POppa Design
LB. Outras Receitas:Devolucao - Pagto Emprestimo
^
D22/04'2017
MOPPA DESIGN LTDA 04/10
T-528.59
POppa Design
L[Residencia Lorian]
^
D23/04'2017
MLOJAS AMERICANAS 105/10
T-39.90
POutros
LE1. Extraordinarias (Ongoing):Residencia Moveis-Eletro-Servicos
^
D23/04'2017
M35DN ELDORADO 05/05
T-116.00
POutros
LC1. Lazer-Estetica-Vestuario-Celular:Vestuario Eduardo-Carla
^
D23/04'2017
METIENNE ROTISSERIA E B
T-144.94
PRestaurantes
LC1. Lazer-Estetica-Vestuario-Celular:Restaurantes
^
D23/04'2017
MAR FAST FOOD DO BRASIL
T-6.00
PRestaurantes
LC1. Lazer-Estetica-Vestuario-Celular:Restaurantes
^
D23/04'2017
MHOTEL URBANO*585d005/06
T-576.31
PHotel
LD. Viagens:Tkt-Hotel-Auto
^
D24/04'2017
MANDIAMO
T-77.00
PRestaurantes
LC1. Lazer-Estetica-Vestuario-Celular:Restaurantes
^
D24/04'2017
MPOSTO FULLGAS
T-100.00
PCombustível
LF. Automoveis:Combustivel-Lavagem-Oleo
^
D25/04'2017
MVACICLIN OSASCO 01/03
T-120.00
POutros
LG. Reembolsaveis:Medicos-Clinicas-Exames
^
D25/04'2017
MAMERICA VILLA LOBOS
T-63.80
PRestaurantes
LC1. Lazer-Estetica-Vestuario-Celular:Restaurantes
^
D25/04'2017
MMC CAFE
T-27.00
PRestaurantes
LC1. Lazer-Estetica-Vestuario-Celular:Restaurantes
^
D25/04'2017
MPAO DE ACUCAR.COM
T-673.99
PPao de Açucar
LB1. Alimentacao-Drogaria-Vet:Mercado-Padaria-Vinhos
^
D26/04'2017
MC&C OSASCO 05/05
T-117.92
PC&C
L[Residencia Lorian]
^
D26/04'2017
MCASA CHIC 04/04
T-158.45
POutros
LE1. Extraordinarias (Ongoing):Residencia Moveis-Eletro-Servicos
^
D26/04'2017
MCENTER CARNES SANTA MA
T-74.02
PSupermercado
LB1. Alimentacao-Drogaria-Vet:Mercado-Padaria-Vinhos
^
D26/04'2017
MPAO DO PARQUE II
T-9.99
PPao do Parque
LB1. Alimentacao-Drogaria-Vet:Mercado-Padaria-Vinhos
^
D26/04'2017
MPAO DO PARQUE
T-10.08
PPao do Parque
LB1. Alimentacao-Drogaria-Vet:Mercado-Padaria-Vinhos
^
D26/04'2017
MSONHOS DOURADOS COLCHO
T-560.00
POutros
LE1. Extraordinarias (Ongoing):Residencia Moveis-Eletro-Servicos
^
D27/04'2017
MMUNDO DO ENXOVAL 04/06
T-154.40
POutros
LE1. Extraordinarias (Ongoing):Residencia Moveis-Eletro-Servicos
^
D27/04'2017
MMOAS 04/04 pendentes
T-889.23
PSPOT
L[Residencia Lorian]
^
D27/04'2017
MESTAPAR BOURBON SHOP
T-15.30
PEstapar
LE1. Extraordinarias (Ongoing):Taxi-Estacionamento
^
D27/04'2017
MAUTOGLASS LANTERNA OUTLANDER
T-150.00
POutros
LF. Automoveis:Manutencao-Revisao Auto
^
D27/04'2017
MSANTIL ELETRICA
T-7.20
POutros
LE2. Extraordinarias (One Time):Manutencao Residencia
^
D27/04'2017
MALMANARA SHP BOURBON
T-52.20
PRestaurantes
LC1. Lazer-Estetica-Vestuario-Celular:Restaurantes
^
D27/04'2017
MLJ0019 SHOP BOURBON SP
T-37.50
PRestaurantes
LC1. Lazer-Estetica-Vestuario-Celular:Restaurantes
^
D28/04'2017
MLEROY MERLIN 03/03
T-104.24
PLeroy Merlin
L[Residencia Lorian]
^
D28/04'2017
MTELHANORTE OSASCO
T-7.90
PTelhanorte
L[Residencia Lorian]
^
D28/04'2017
MINTIMISSIMI 03/04
T-62.00
PIntimissimi
LC1. Lazer-Estetica-Vestuario-Celular:Vestuario Eduardo-Carla
^
D28/04'2017
MARP MED
T0.02
PArp Med
LB. Outras Receitas:Ajustes
^
D28/04'2017
MARP MED 02/03
T-760.01
PArp Med
LE2. Extraordinarias (One Time):Medicos-Clinicas-Exames
^
D29/04'2017
MPAO DO PARQUE
T-73.28
PPao do Parque
LB1. Alimentacao-Drogaria-Vet:Mercado-Padaria-Vinhos
^
D29/04'2017
MSS OSASCO
T-12.86
PRestaurantes
LC1. Lazer-Estetica-Vestuario-Celular:Restaurantes
^
D29/04'2017
MO GARIMPO BAR E CHOPER
T-277.75
PRestaurantes
LC1. Lazer-Estetica-Vestuario-Celular:Restaurantes
^
D30/04'2017
MCAMICADO-SH.ELDORA05/05
T-342.76
POutros
LE1. Extraordinarias (Ongoing):Residencia Moveis-Eletro-Servicos
^
D30/04'2017
MBABBO GIOVANNI
T-125.10
PRestaurantes
LC1. Lazer-Estetica-Vestuario-Celular:Restaurantes
^
D30/04'2017
MRED
T-127.10
PSupermercado
LB1. Alimentacao-Drogaria-Vet:Mercado-Padaria-Vinhos
^
D30/04'2017
MPAO DO PARQUE II
T-26.38
PPao do Parque
LB1. Alimentacao-Drogaria-Vet:Mercado-Padaria-Vinhos
^
D01/05'2017
MEL CAMINO FOODS S.A.
T-231.44
PRestaurantes
LC1. Lazer-Estetica-Vestuario-Celular:Restaurantes
^
D01/05'2017
MLJ0013 BACIO DI LATTE
T-35.50
PRestaurantes
LC1. Lazer-Estetica-Vestuario-Celular:Restaurantes
^
D02/05'2017
MPERS BLACK  3602-0104
T11,101.96
PMastercad Black
L[Itau Personnalité]
^
D02/05'2017
MCASA ALMEIDA-V.LOB06/08
T-333.16
PCasa Almeida
L[Residencia Lorian]
^
D02/05'2017
MLEROY MERLIN 05/05
T-108.00
PLeroy Merlin
L[Residencia Lorian]
^
D02/05'2017
MSWIL BRASIL COMERC01/04 LUSH
T-87.49
POutros
LE1. Extraordinarias (Ongoing):Presentes
^
D02/05'2017
MAREZZO MORUMBI 01/06
T-100.00
PArezzo
LE1. Extraordinarias (Ongoing):Presentes
^
D02/05'2017
MBER ETNA 01/10
T-22.99
POutros
LE1. Extraordinarias (Ongoing):Residencia Moveis-Eletro-Servicos
^
D02/05'2017
MNOVA VILA COLMEIA
T-25.10
PRestaurantes
LC1. Lazer-Estetica-Vestuario-Celular:Restaurantes
^
D02/05'2017
MA PLUS IND COM ACESS L
T-40.50
PA Plus
LC1. Lazer-Estetica-Vestuario-Celular:Vestuario Marina-Felipe
^
D02/05'2017
MGENERAL PRIME BURGER
T-81.95
PRestaurantes
LC1. Lazer-Estetica-Vestuario-Celular:Restaurantes
^
D02/05'2017
MZEKA CABELEREIRO
T-70.00
PZeka Cabelereiro
LC1. Lazer-Estetica-Vestuario-Celular:Estetica-Massagem
^
D02/05'2017
MAREZZO MORUMBI
T0.20
PArezzo
LB. Outras Receitas:Ajustes
^
D02/05'2017
MSWIL BRASIL COMERCIO D
T0.06
POutros
LB. Outras Receitas:Ajustes
^
D02/05'2017
MAREZZO MORUMBI 02/06
T-100.00
PArezzo
LE1. Extraordinarias (Ongoing):Presentes
^
D02/05'2017
MSWIL BRASIL COMERC02/04
T-87.49
POutros
LE1. Extraordinarias (Ongoing):Presentes
^
D02/05'2017
MBER ETNA 02/10
T-22.99
POutros
LE1. Extraordinarias (Ongoing):Residencia Moveis-Eletro-Servicos
^
D03/05'2017
MFRUTARIA SAO FRANCIS
T-97.21
PSupermercado
LB1. Alimentacao-Drogaria-Vet:Mercado-Padaria-Vinhos
^
D04/05'2017
MRICARDOELETRO 07/07
T-569.34
PRicardo Eletro
L[Residencia Lorian]
^
D07/05'2017
MBRABUS SANTO AMARO02/04
T-405.46
POutros
LF. Automoveis:Manutencao-Revisao Auto
^
D07/05'2017
MBRABUS SANTO AMARO03/04
T-405.46
POutros
LF. Automoveis:Manutencao-Revisao Auto
^
D08/05'2017
MZARA-SH.VILLA LOBOS
T0.04
PZara
LB. Outras Receitas:Ajustes
^
D08/05'2017
MZARA-SH.VILLA LOBO02/03
T-221.68
PZara
LC1. Lazer-Estetica-Vestuario-Celular:Vestuario Eduardo-Carla
^
D10/05'2017
MPAO DO PARQUE
T-15.94
PPao do Parque
LB1. Alimentacao-Drogaria-Vet:Mercado-Padaria-Vinhos
^
D11/05'2017
MCASA CHIC 01/02
T-62.69
POutros
LE1. Extraordinarias (Ongoing):Residencia Moveis-Eletro-Servicos
^
D11/05'2017
MFERNET COM IMP LTD01/02
T-70.73
POutros
LE1. Extraordinarias (Ongoing):Residencia Moveis-Eletro-Servicos
^
D11/05'2017
MINK JET INFO 01/02
T-72.80
POutros
LE1. Extraordinarias (Ongoing):Residencia Moveis-Eletro-Servicos
^
D11/05'2017
MCOM DE PRESENTES PARI - TUPPEWARE
T-87.20
POutros
LE1. Extraordinarias (Ongoing):Residencia Moveis-Eletro-Servicos
^
D11/05'2017
MINFOSEVEN INFORMATICA
T-41.80
POutros
L[Residencia Lorian]
^
D11/05'2017
MRINCONCITO
T-67.29
PRestaurantes
LC1. Lazer-Estetica-Vestuario-Celular:Restaurantes
^
D11/05'2017
MELIANE FERRARI - ME SPOT LED
T-27.00
POutros
L[Residencia Lorian]
^
D11/05'2017
MCASA CHIC
T0.01
POutros
LB. Outras Receitas:Ajustes
^
D11/05'2017
MCASA CHIC 02/02
T-62.69
POutros
LE1. Extraordinarias (Ongoing):Residencia Moveis-Eletro-Servicos
^
D11/05'2017
MFERNET COM IMP LTD02/02
T-70.73
POutros
LE1. Extraordinarias (Ongoing):Residencia Moveis-Eletro-Servicos
^
D11/05'2017
MINK JET INFO 02/02
T-72.80
POutros
LE1. Extraordinarias (Ongoing):Residencia Moveis-Eletro-Servicos
^
D13/05'2017
MPAO DO PARQUE
T-115.59
PPao do Parque
LB1. Alimentacao-Drogaria-Vet:Mercado-Padaria-Vinhos
^
D13/05'2017
MRINCONCITO PERUANO
T-166.88
PRestaurantes
LC1. Lazer-Estetica-Vestuario-Celular:Restaurantes
^
D13/05'2017
MRED SUPERMERCADO
T-115.28
PSupermercado
LB1. Alimentacao-Drogaria-Vet:Mercado-Padaria-Vinhos
^
D13/05'2017
MDROGARIA SAO PAULO 266
T-36.62
PDrogaria
LB1. Alimentacao-Drogaria-Vet:Drogaria
^
D13/05'2017
MGWP BEAUTY HAIR BRASIL
T-39.00
POutros
LC1. Lazer-Estetica-Vestuario-Celular:Estetica-Massagem
^
D14/05'2017
MEXTRA JAGUARE 1357
T-94.46
PExtra
LB1. Alimentacao-Drogaria-Vet:Mercado-Padaria-Vinhos
^
D14/05'2017
MJTSTETIC 05/07
T-200.00
POutros
LC1. Lazer-Estetica-Vestuario-Celular:Estetica-Massagem
^
D16/05'2017
MTAM SITE 01/04
T-2,532.38
PTAM Linhas Aereas
LD. Viagens:Tkt-Hotel-Auto
^
D19/05'2017
MCAFE DA PRACA COM LTDA
T-3.40
PRestaurantes
LC1. Lazer-Estetica-Vestuario-Celular:Restaurantes
^
D21/05'2017
MDENY SPORTS 02/02
T-69.95
POutros
LE1. Extraordinarias (Ongoing):Presentes
^
D22/05'2017
MANDIAMO
T-70.89
PRestaurantes
LC1. Lazer-Estetica-Vestuario-Celular:Restaurantes
^
D22/05'2017
MAMAZON.COM.BR
T-39.49
POutros
LB2. Educacao (Mensal):Livros-Material Escolar
^
D22/05'2017
MDROGARIA SAO PAULO 266
T-23.99
PDrogaria
LB1. Alimentacao-Drogaria-Vet:Drogaria
^
D22/05'2017
MOPPA DESIGN LTDA
T778.71
POppa Design
LB. Outras Receitas:Devolucao - Pagto Emprestimo
^
D22/05'2017
MOPPA DESIGN LTDA 05/10
T-528.59
POppa Design
L[Residencia Lorian]
^
D23/05'2017
MLOJAS AMERICANAS 106/10
T-39.90
POutros
LE1. Extraordinarias (Ongoing):Residencia Moveis-Eletro-Servicos
^
D23/05'2017
MAUTO POSTO TASCA M01/03
T-151.65
PCombustível
LF. Automoveis:Combustivel-Lavagem-Oleo
^
D23/05'2017
MFELIPE WASH CAR LTDA M
T-70.00
PCombustível
LF. Automoveis:Combustivel-Lavagem-Oleo
^
D23/05'2017
MCOPELI
T-98.00
PCopeli Matl Eletrico
LE1. Extraordinarias (Ongoing):Reforma Vilas
^
D23/05'2017
MZEBRA
T-120.00
PDeposito Zebra
LE1. Extraordinarias (Ongoing):Reforma Vilas
^
D23/05'2017
MALPHA EXPRESS
T-37.02
POutros
LE2. Extraordinarias (One Time):Outras
^
D23/05'2017
MHOTEL URBANO*585d006/06
T-576.31
PHotel
LD. Viagens:Tkt-Hotel-Auto
^
D24/05'2017
MFRUTARIA SAO FRANCISCO
T-64.28
PSupermercado
LB1. Alimentacao-Drogaria-Vet:Mercado-Padaria-Vinhos
^
D24/05'2017
MCENTER CARNES SANTA MA
T-111.61
PSupermercado
LB1. Alimentacao-Drogaria-Vet:Mercado-Padaria-Vinhos
^
D24/05'2017
MYOGGI DESIGUAL
T-9.90
PRestaurantes
LC1. Lazer-Estetica-Vestuario-Celular:Restaurantes
^
D24/05'2017
MMR CHENEY
T-15.00
PRestaurantes
LC1. Lazer-Estetica-Vestuario-Celular:Restaurantes
^
D24/05'2017
MDROGARIA SAO PAULO 319
T-28.29
PDrogaria
LB1. Alimentacao-Drogaria-Vet:Drogaria
^
D24/05'2017
MSARAIVA GRANJA VIANA20
T-34.50
POutros
LB2. Educacao (Mensal):Livros-Material Escolar
^
D24/05'2017
MPOKEMON STOP
T-109.90
POutros
LE1. Extraordinarias (Ongoing):Assinaturas-Licencas
^
D24/05'2017
MESTACIONAMENTO EINSTEI
T-70.00
PEstapar
LE1. Extraordinarias (Ongoing):Taxi-Estacionamento
^
D25/05'2017
MVACICLIN OSASCO 02/03
T-120.00
POutros
LG. Reembolsaveis:Medicos-Clinicas-Exames
^
D25/05'2017
MSTA ETIENNE
T-34.10
PRestaurantes
LC1. Lazer-Estetica-Vestuario-Celular:Restaurantes
^
D26/05'2017
MPADARIA MANHATTAN
T-20.30
POutros
LB1. Alimentacao-Drogaria-Vet:Mercado-Padaria-Vinhos
^
D26/05'2017
MMILK & MELLOW
T-51.40
PRestaurantes
LC1. Lazer-Estetica-Vestuario-Celular:Restaurantes
^
D27/05'2017
MMUNDO DO ENXOVAL 05/06
T-154.40
POutros
LE1. Extraordinarias (Ongoing):Residencia Moveis-Eletro-Servicos
^
D27/05'2017
MLJ0005 V MADALENA SP
T-47.25
PExtra
LB1. Alimentacao-Drogaria-Vet:Mercado-Padaria-Vinhos
^
D27/05'2017
MDROGARIA SAO PAULO S A
T-25.88
PDrogaria
LB1. Alimentacao-Drogaria-Vet:Drogaria
^
D27/05'2017
MC M ESTACIONAMENTOS LT
T-12.00
PEstapar
LE1. Extraordinarias (Ongoing):Taxi-Estacionamento
^
D27/05'2017
MTREVO
T-15.00
PRestaurantes
LC1. Lazer-Estetica-Vestuario-Celular:Restaurantes
^
D27/05'2017
MPEIXARIA BAR E VENDA
T-355.30
PRestaurantes
LC1. Lazer-Estetica-Vestuario-Celular:Restaurantes
^
D28/05'2017
MINTIMISSIMI 04/04
T-62.00
PIntimissimi
LC1. Lazer-Estetica-Vestuario-Celular:Vestuario Eduardo-Carla
^
D28/05'2017
MEXTRA JAGUARE 1357
T-195.17
PExtra
LB1. Alimentacao-Drogaria-Vet:Mercado-Padaria-Vinhos
^
D28/05'2017
MARP MED 03/03
T-760.01
PArp Med
LE2. Extraordinarias (One Time):Medicos-Clinicas-Exames
^
D29/05'2017
MTUHU RESTAURANTE
T-28.67
PTuhu
LC1. Lazer-Estetica-Vestuario-Celular:Restaurantes
^
D29/05'2017
MGH FERNANDES COMERCIAL
T-6.25
PRestaurantes
LC1. Lazer-Estetica-Vestuario-Celular:Restaurantes
^
D30/05'2017
MPIRAPANEMA SERVICOS AU
T-151.86
PCombustível
LF. Automoveis:Combustivel-Lavagem-Oleo
^
D30/05'2017
MICI MARKET PLACE
T-90.00
PRestaurantes
LC1. Lazer-Estetica-Vestuario-Celular:Restaurantes
^
D30/05'2017
MESTACIONAMENTO EINSTEI
T-28.00
PEstapar
LE1. Extraordinarias (Ongoing):Taxi-Estacionamento
^
D30/05'2017
MMAMBO DELIVERY
T-748.12
PMambo Supermercado
LB1. Alimentacao-Drogaria-Vet:Mercado-Padaria-Vinhos
^
D01/06'2017
MPERS BLACK  3602-0104
T9,797.06
PMastercad Black
L[Itau Personnalité]
^
D01/06'2017
MCARREFOUR SPV 250
T-20.86
PSupermercado
LB1. Alimentacao-Drogaria-Vet:Mercado-Padaria-Vinhos
^
D01/06'2017
MMARIA MALAGUETA BISTRO
T-63.42
PRestaurantes
LC1. Lazer-Estetica-Vestuario-Celular:Restaurantes
^
D02/06'2017
MCASA ALMEIDA-V.LOB07/08
T-333.16
PCasa Almeida
L[Residencia Lorian]
^
D03/06'2017
MFRUTARIA COLLINAS
T-19.00
PSupermercado
LB1. Alimentacao-Drogaria-Vet:Mercado-Padaria-Vinhos
^
D03/06'2017
MLANCHONETE VINEX
T-51.81
PRestaurantes
LC1. Lazer-Estetica-Vestuario-Celular:Restaurantes
^
D03/06'2017
MZEBRA
T-210.00
PDeposito Zebra
LE1. Extraordinarias (Ongoing):Reforma Vilas
^
D03/06'2017
MMERCEARIA SAO FRANCISC
T-13.84
PSupermercado
LB1. Alimentacao-Drogaria-Vet:Mercado-Padaria-Vinhos
^
D03/06'2017
MFABIANA M B DUARTE PEI
T-74.42
POutros
LC1. Lazer-Estetica-Vestuario-Celular:Estetica-Massagem
^
D03/06'2017
MFABIANA M B DUARTE PEI
T-14.00
POutros
LC1. Lazer-Estetica-Vestuario-Celular:Estetica-Massagem
^
D04/06'2017
MDROGA RAIA F106
T-15.81
PDrogaria
LB1. Alimentacao-Drogaria-Vet:Drogaria
^
D05/06'2017
MTUHU RESTAURANTE
T-17.82
PTuhu
LC1. Lazer-Estetica-Vestuario-Celular:Restaurantes
^
D05/06'2017
MESTACIONAMENTO EINSTEI
T-28.00
PEstapar
LE1. Extraordinarias (Ongoing):Taxi-Estacionamento
^
D06/06'2017
MTUHU RESTAURANTE
T-24.54
PTuhu
LC1. Lazer-Estetica-Vestuario-Celular:Restaurantes
^
D07/06'2017
MCENTRO DE COMBUSTIVEIS
T-18.00
PCombustível
LF. Automoveis:Combustivel-Lavagem-Oleo
^
D07/06'2017
MTUHU
T-32.61
PTuhu
LC1. Lazer-Estetica-Vestuario-Celular:Restaurantes
^
D08/06'2017
MCICERO CARDOSO RAMOS
T-14.00
POutros
LC1. Lazer-Estetica-Vestuario-Celular:Estetica-Massagem
^
D08/06'2017
MMARIA LUCIA TADEU MORA
T-12.00
PRestaurantes
LC1. Lazer-Estetica-Vestuario-Celular:Restaurantes
^
D08/06'2017
MZARA-SH.VILLA LOBO03/03
T-221.68
PZara
LC1. Lazer-Estetica-Vestuario-Celular:Vestuario Eduardo-Carla
^
D09/06'2017
MMENOSSI E LIMA LTDA
T-67.50
PRestaurantes
LC1. Lazer-Estetica-Vestuario-Celular:Restaurantes
^
D09/06'2017
MCARREFOUR SPV 250
T-104.20
PSupermercado
LB1. Alimentacao-Drogaria-Vet:Mercado-Padaria-Vinhos
^
D09/06'2017
MPAO DO PARQUE
T-75.89
PPao do Parque
LB1. Alimentacao-Drogaria-Vet:Mercado-Padaria-Vinhos
^
D09/06'2017
MPOSTO GALAPAGOS
T-100.00
PCombustível
LF. Automoveis:Combustivel-Lavagem-Oleo
^
D09/06'2017
MAPM
T-315.00
PColegio Sto Americo
LB2. Educacao (Mensal):Cursos Marina-Felipe
^
D09/06'2017
MAPM
T-150.00
PColegio Sto Americo
LB2. Educacao (Mensal):Cursos Marina-Felipe
^
D09/06'2017
MCEASA ESTACIONAMENTO
T-13.00
PEstapar
LE1. Extraordinarias (Ongoing):Taxi-Estacionamento
^
D11/06'2017
MBOBS
T-22.00
PRestaurantes
LC1. Lazer-Estetica-Vestuario-Celular:Restaurantes
^
D12/06'2017
MVARANDA FRUTAS
T-26.50
PRestaurantes
LC1. Lazer-Estetica-Vestuario-Celular:Restaurantes
^
D14/06'2017
MJTSTETIC 06/07
T-200.00
POutros
LC1. Lazer-Estetica-Vestuario-Celular:Estetica-Massagem
^
D16/06'2017
MTAM MULTIPLUS
T-211.87
PTAM Linhas Aereas
LD. Viagens:Tkt-Hotel-Auto
^
D16/06'2017
MTAM SITE         02/04
T-2,532.38
PTAM Linhas Aereas
LD. Viagens:Tkt-Hotel-Auto
^
D16/06'2017
MTAM SITE
T0.06
POutros
LB. Outras Receitas:Ajustes
^
D18/06'2017
MLE LIS VILA LOBOS 01/03
T-87.96
POutros
LE1. Extraordinarias (Ongoing):Presentes
^
D21/06'2017
MZEBRA
T-567.00
PDeposito Zebra
LE1. Extraordinarias (Ongoing):Reforma Vilas
^
D21/06'2017
MPAO DO PARQUE
T-10.92
PPao do Parque
LB1. Alimentacao-Drogaria-Vet:Mercado-Padaria-Vinhos
^
D21/06'2017
MLAVA RAPIDO OSHIMA
T-35.00
PCombustível
LF. Automoveis:Combustivel-Lavagem-Oleo
^
D21/06'2017
MESTACIONAMENTO EINSTEI
T-48.00
PEstapar
LE1. Extraordinarias (Ongoing):Taxi-Estacionamento
^
D22/06'2017
MBRASMIX COMERCIO E01/04
T-437.90
PColormix Pastilhas
LE1. Extraordinarias (Ongoing):Reforma Vilas
^
D22/06'2017
MTORINO COMERCIO DE ALI
T-61.60
PRestaurantes
LC1. Lazer-Estetica-Vestuario-Celular:Restaurantes
^
D22/06'2017
MBOBS
T-18.00
PRestaurantes
LC1. Lazer-Estetica-Vestuario-Celular:Restaurantes
^
D22/06'2017
MBOBS
T-20.00
PRestaurantes
LC1. Lazer-Estetica-Vestuario-Celular:Restaurantes
^
D22/06'2017
MBACIO DILATTD GELATERI
T-12.00
PRestaurantes
LC1. Lazer-Estetica-Vestuario-Celular:Restaurantes
^
D22/06'2017
MBAYARD VILA LOBOS
T-119.99
POutros
LE1. Extraordinarias (Ongoing):Presentes
^
D22/06'2017
MLIVRARIA CULTURA  01/03
T-33.30
PLivraria Cultura
LB2. Educacao (Mensal):Livros-Material Escolar
^
D22/06'2017
MOPPA DESIGN LTDA  06/10
T-528.59
POppa Design
L[Residencia Lorian]
^
D23/06'2017
MLOJAS AMERICANAS 107/10
T-39.90
POutros
LE1. Extraordinarias (Ongoing):Residencia Moveis-Eletro-Servicos
^
D23/06'2017
MAUTO POSTO TASCA M02/03
T-151.65
PCombustível
LF. Automoveis:Combustivel-Lavagem-Oleo
^
D23/06'2017
MAUTO POSTO TASCA MARTE
T0.02
POutros
LB. Outras Receitas:Ajustes
^
D23/06'2017
MTUHU RESTAURANTE
T-28.08
PTuhu
LC1. Lazer-Estetica-Vestuario-Celular:Restaurantes
^
D23/06'2017
MEXTRA POSTO 2725 JAGUA
T-151.89
PCombustível
LF. Automoveis:Combustivel-Lavagem-Oleo
^
D23/06'2017
MCAFE DA PRACA COM LTDA
T-7.60
PRestaurantes
LC1. Lazer-Estetica-Vestuario-Celular:Restaurantes
^
D23/06'2017
MENGLISH CAMP      01/10
T-443.25
PEnglish Camp
LD. Viagens:Tkt-Hotel-Auto
^
D24/06'2017
MCANTO DA MATA FORNERIA
T-176.00
PRestaurantes
LC1. Lazer-Estetica-Vestuario-Celular:Restaurantes
^
D24/06'2017
MLA MAR
T-333.85
PRestaurantes
LC1. Lazer-Estetica-Vestuario-Celular:Restaurantes
^
D24/06'2017
MCANTO DA MATA FORNERIA
T-15.00
PRestaurantes
LC1. Lazer-Estetica-Vestuario-Celular:Restaurantes
^
D24/06'2017
MSODIE DOCES   VL LAGEA
T-124.46
PRestaurantes
LC1. Lazer-Estetica-Vestuario-Celular:Restaurantes
^
D24/06'2017
MJACQUES JANINE OSASCO
T-108.00
POutros
LC1. Lazer-Estetica-Vestuario-Celular:Estetica-Massagem
^
D25/06'2017
MVACICLIN OSASCO   03/03
T-120.00
POutros
LG. Reembolsaveis:Medicos-Clinicas-Exames
^
D25/06'2017
MBRITO PARK
T-24.00
PEstapar
LE1. Extraordinarias (Ongoing):Taxi-Estacionamento
^
D25/06'2017
MMASSAS RICCI
T-80.00
PRestaurantes
LC1. Lazer-Estetica-Vestuario-Celular:Restaurantes
^
D25/06'2017
MCENTER CARNES SANTA MA
T-45.35
PSupermercado
LB1. Alimentacao-Drogaria-Vet:Mercado-Padaria-Vinhos
^
D25/06'2017
MPAO DO PARQUE II
T-25.86
PPao do Parque
LB1. Alimentacao-Drogaria-Vet:Mercado-Padaria-Vinhos
^
D26/06'2017
MLEROY MERLIN RAPOSO
T-19.20
PLeroy Merlin
LE1. Extraordinarias (Ongoing):Reforma Vilas
^
D26/06'2017
MCONSTRUCEL
T-59.00
POutros
LE1. Extraordinarias (Ongoing):Reforma Vilas
^
D27/06'2017
MMUNDO DO ENXOVAL  06/06
T-154.40
POutros
LE1. Extraordinarias (Ongoing):Residencia Moveis-Eletro-Servicos
^
D27/06'2017
MPIRAJA
T-60.20
PRestaurantes
LC1. Lazer-Estetica-Vestuario-Celular:Restaurantes
^
D27/06'2017
MBACIO DILATTD GELATERI
T-6.00
PRestaurantes
LC1. Lazer-Estetica-Vestuario-Celular:Restaurantes
^
D27/06'2017
MLJ0013 BACIO DI LATTE
T-11.75
PRestaurantes
LC1. Lazer-Estetica-Vestuario-Celular:Restaurantes
^
D27/06'2017
MLJ0013 BACIO DI LATTE
T-18.00
PRestaurantes
LC1. Lazer-Estetica-Vestuario-Celular:Restaurantes
^
D27/06'2017
MTHE FIFTIESVILLA LOBOS
T-44.00
PRestaurantes
LC1. Lazer-Estetica-Vestuario-Celular:Restaurantes
^
D27/06'2017
MLIVRARIA CULTURA
T-84.91
PLivraria Cultura
LB2. Educacao (Mensal):Livros-Material Escolar
^
D28/06'2017
MDROG SAO PAULO FL 264
T-53.02
PDrogaria
LB1. Alimentacao-Drogaria-Vet:Drogaria
^
D28/06'2017
MPAGSEGUROUOL*Colmeia
T-23.50
PRestaurantes
LC1. Lazer-Estetica-Vestuario-Celular:Restaurantes
^
D28/06'2017
MJAPENGO
T-26.47
PRestaurantes
LC1. Lazer-Estetica-Vestuario-Celular:Restaurantes
^
D28/06'2017
MRAIA DROGASIL 547 CENT
T-56.65
PDrogaria
LB1. Alimentacao-Drogaria-Vet:Drogaria
^
D29/06'2017
MNA GARAGEM
T-43.50
PRestaurantes
LC1. Lazer-Estetica-Vestuario-Celular:Restaurantes
^
D29/06'2017
MMAMBO DELIVERY
T-592.94
PMambo Supermercado
LB1. Alimentacao-Drogaria-Vet:Mercado-Padaria-Vinhos
^
D29/06'2017
MFRIDA & MINA
T-14.00
POutros
LC1. Lazer-Estetica-Vestuario-Celular:Estetica-Massagem
^
D30/06'2017
MTUHU RESTAURANTE
T-26.97
PTuhu
LC1. Lazer-Estetica-Vestuario-Celular:Restaurantes
^
D30/06'2017
MPADARIA A TRIGUEIRA
T-18.60
PRestaurantes
LC1. Lazer-Estetica-Vestuario-Celular:Restaurantes
^
D30/06'2017
MZEKA CABELEREIRO
T-70.00
PZeka Cabelereiro
LC1. Lazer-Estetica-Vestuario-Celular:Estetica-Massagem
^
D30/06'2017
MESTACIONAMENTO EINSTEI
T-18.00
PEstapar
LE1. Extraordinarias (Ongoing):Taxi-Estacionamento
^
D30/06'2017
MCAFE DA PRACA COM LTDA
T-9.20
PRestaurantes
LC1. Lazer-Estetica-Vestuario-Celular:Restaurantes
^
D01/07'2017
MNOVA CHAMA        01/03
T-139.34
POutros
L[Residencia Lorian]
^
D01/07'2017
MEXTRA JAGUARE 1357
T-129.67
PExtra
LB1. Alimentacao-Drogaria-Vet:Mercado-Padaria-Vinhos
^
D01/07'2017
MPAO DO PARQUE
T-4.79
PPao do Parque
LB1. Alimentacao-Drogaria-Vet:Mercado-Padaria-Vinhos
^
D01/07'2017
MESPACO A GAIOLA
T-272.50
POutros
L[Residencia Lorian]
^
D01/07'2017
MSODIE DOCES   VL LAGEA
T-12.41
PRestaurantes
LC1. Lazer-Estetica-Vestuario-Celular:Restaurantes
^
D02/07'2017
MCASA ALMEIDA-V.LOB08/08
T-333.16
PCasa Almeida
L[Residencia Lorian]
^
D02/07'2017
MSWIL BRASIL COMERC03/04
T-87.49
POutros
LE1. Extraordinarias (Ongoing):Presentes
^
D02/07'2017
MAREZZO MORUMBI    03/06
T-100.00
PArezzo
LE1. Extraordinarias (Ongoing):Presentes
^
D02/07'2017
MBER ETNA         03/10
T-22.99
POutros
LE1. Extraordinarias (Ongoing):Residencia Moveis-Eletro-Servicos
^
D03/07'2017
MPERS BLACK  3602-0104
T10,309.43
PMastercad Black
L[Itau Personnalité]
^
D03/07'2017
MCLINICA ADRIANA VILARI
T-990.00
PAdriana Vilarinho
LG. Reembolsaveis:Medicos-Clinicas-Exames
^
D04/07'2017
MKALUNGA IMPERATRIZ LEO
T-23.80
Pkalunga
LE1. Extraordinarias (Ongoing):Residencia Moveis-Eletro-Servicos
^
D04/07'2017
MESTACIONAMENTO EINSTEI
T-68.00
PEstapar
LE1. Extraordinarias (Ongoing):Taxi-Estacionamento
^
D05/07'2017
MICE ADVENTURE
T-50.00
POutros
LC1. Lazer-Estetica-Vestuario-Celular:Cinema-Locadora-Esportes-Diversao
^
D06/07'2017
MPOSTO PANAMERICANA LTD
T-30.00
PCombustível
LF. Automoveis:Combustivel-Lavagem-Oleo
^
D07/07'2017
MBRABUS SANTO AMARO04/04
T-405.46
POutros
LF. Automoveis:Manutencao-Revisao Auto
^
D07/07'2017
MOFNER-SHOP.ELDORADO
T-32.70
PRestaurantes
LC1. Lazer-Estetica-Vestuario-Celular:Restaurantes
^
D07/07'2017
MREI DO MATE
T-6.00
PRestaurantes
LC1. Lazer-Estetica-Vestuario-Celular:Restaurantes
^
D07/07'2017
MINTIMISSIMI       01/06
T-59.70
PIntimissimi
LC1. Lazer-Estetica-Vestuario-Celular:Vestuario Eduardo-Carla
^
D07/07'2017
MHNA OBOTICARIO
T-37.90
POutros
LE1. Extraordinarias (Ongoing):Presentes
^
D08/07'2017
MPIMENTA VERDE ALIMENTO
T-209.88
PRestaurantes
LC1. Lazer-Estetica-Vestuario-Celular:Restaurantes
^
D08/07'2017
MDUFRY LOJAS FRANCA01/06
T-209.71
PDufry
LD. Viagens:Compras
^
D08/07'2017
MFORTSUL POSTO DE SERVI
T-50.00
PCombustível
LF. Automoveis:Combustivel-Lavagem-Oleo
^
D08/07'2017
MESTAPAR AERO GUARULHOS
T-40.00
PEstapar
LE1. Extraordinarias (Ongoing):Taxi-Estacionamento
^
D08/07'2017
MDOUBLETREE BY HILTON 828.42 USD
T-2,717.18
PHotel
LE2. Extraordinarias (One Time):Investimentos na Empresa
^
D08/07'2017
MIOF COMPRA INTERNACIONA
T-173.34
PGoverno
LH. Impostos Federais:CPMF-IOF
^
D10/07'2017
MPALACIO COM DE EQUIPAM
T-114.66
POutros
LE1. Extraordinarias (Ongoing):Reforma Vilas
^
D10/07'2017
MESTACIONAMENTO EINSTEI
T-28.00
PEstapar
LE1. Extraordinarias (Ongoing):Taxi-Estacionamento
^
D13/07'2017
MLN DIESEL        01/04  EMILIA SILVA DESCTO EM FOLHA
T-2,250.00
PEmilia da Silva Santos
LA4. Funcionários:Empregada - Adiantamento
^
D13/07'2017
M5 A SEC
T-48.00
PIG Lavanderia
LE1. Extraordinarias (Ongoing):Residencia Moveis-Eletro-Servicos
^
D14/07'2017
MJTSTETIC         07/07
T-200.00
POutros
LC1. Lazer-Estetica-Vestuario-Celular:Estetica-Massagem
^
D16/07'2017
MTAM SITE 03/04
T-2,532.38
PTAM Linhas Aereas
LD. Viagens:Tkt-Hotel-Auto
^
D18/07'2017
MLE LIS VILA LOBOS 02/03
T-87.96
POutros
LE1. Extraordinarias (Ongoing):Presentes
^
D18/07'2017
MLE LIS VILA LOBOS 03/03
T-87.96
POutros
LE1. Extraordinarias (Ongoing):Presentes
^
D20/07'2017
MHOTEL BOOKING - 1.032.00 (USD)
T-3,395.28
PHotel
LE2. Extraordinarias (One Time):Investimentos na Empresa
^
D21/07'2017
MIOF COMPRA INTERNACIONA - 65.84 (USD)
T-216.62
PGoverno
LH. Impostos Federais:CPMF-IOF
^
D22/07'2017
MBRASMIX COMERCIO E IMP
T0.03
POutros
LB. Outras Receitas:Ajustes
^
D22/07'2017
MBRASMIX COMERCIO E02/04
T-437.90
PColormix Pastilhas
LE1. Extraordinarias (Ongoing):Reforma Vilas
^
D22/07'2017
MLIVRARIA CULTURA 02/03
T-33.30
PLivraria Cultura
LB2. Educacao (Mensal):Livros-Material Escolar
^
D22/07'2017
MCARREFOUR ERE 071
T-272.09
PSupermercado
LB1. Alimentacao-Drogaria-Vet:Mercado-Padaria-Vinhos
^
D22/07'2017
MKANAYAMA SUSHI LTDA EP
T-140.80
PRestaurantes
LC1. Lazer-Estetica-Vestuario-Celular:Restaurantes
^
D22/07'2017
MGME COMERCIO VAREJ
T-36.35
PSupermercado
LB1. Alimentacao-Drogaria-Vet:Mercado-Padaria-Vinhos
^
D22/07'2017
MOPPA DESIGN LTDA 07/10
T-528.59
POppa Design
L[Residencia Lorian]
^
D23/07'2017
MLOJAS AMERICANAS 108/10
T-39.90
POutros
LE1. Extraordinarias (Ongoing):Residencia Moveis-Eletro-Servicos
^
D23/07'2017
MAUTO POSTO TASCA M03/03
T-151.65
PCombustível
LF. Automoveis:Combustivel-Lavagem-Oleo
^
D23/07'2017
MENGLISH CAMP 02/10
T-443.25
PEnglish Camp
LD. Viagens:Tkt-Hotel-Auto
^
D27/07'2017
MCAFE DA PRACA COM LTDA
T-9.20
PRestaurantes
LC1. Lazer-Estetica-Vestuario-Celular:Restaurantes
^
D28/07'2017
MOUTBACK BZ 33 VILA LOB
T-174.94
PRestaurantes
LC1. Lazer-Estetica-Vestuario-Celular:Restaurantes
^
D28/07'2017
MLAN AEROP SANTIAGO - 90.00 (USD)
T-296.10
PTAM Linhas Aereas
LE2. Extraordinarias (One Time):Investimentos na Empresa
^
D28/07'2017
MDUTY FREE SALIDAS - 129.36 (USD)
T-425.59
POutros
LD. Viagens:Compras
^
D29/07'2017
MDUFRY LOJAS FRANCAS
T-230.04
POutros
LD. Viagens:Compras
^
D29/07'2017
MDRL PAES E DOCES LTDA
T-256.93
PRestaurantes
LC1. Lazer-Estetica-Vestuario-Celular:Restaurantes
^
D29/07'2017
MJACQUES JANINE VL SAO
T-56.00
POutros
LC1. Lazer-Estetica-Vestuario-Celular:Estetica-Massagem
^
D31/07'2017
MLEROY MERLIN RAPOS01/06
T-383.25
PLeroy Merlin
LE1. Extraordinarias (Ongoing):Reforma Vilas
^
D31/07'2017
MZEBRA
T-190.00
PDeposito Zebra
LE1. Extraordinarias (Ongoing):Reforma Vilas
^
D31/07'2017
MCENTER CARNES SANTA MA
T-110.98
PSupermercado
LB1. Alimentacao-Drogaria-Vet:Mercado-Padaria-Vinhos
^
D31/07'2017
MEXTRA POSTO 2725 JAGUA
T-149.40
PCombustível
LF. Automoveis:Combustivel-Lavagem-Oleo
^
D31/07'2017
MCAFE DA PRACA COM LTDA
T-8.00
PRestaurantes
LC1. Lazer-Estetica-Vestuario-Celular:Restaurantes
^
D01/08'2017
MPERS BLACK  3602-0104
T16,644.44
PMastercad Black
L[Itau Personnalité]
^
D01/08'2017
MNOVA CHAMA
T0.02
POutros
LB. Outras Receitas:Ajustes
^
D01/08'2017
MNOVA CHAMA 02/03
T-139.34
POutros
L[Residencia Lorian]
^
D01/08'2017
MVILA ROMANA SUL NW01/06
T-121.65
PVila Romana
LC1. Lazer-Estetica-Vestuario-Celular:Vestuario Eduardo-Carla
^
D01/08'2017
MQATAR AIRWAYS
T-1,090.13
POutros
LE2. Extraordinarias (One Time):Investimentos na Empresa
^
D01/08'2017
MBACIO DILATTD GELATERI
T-41.25
PRestaurantes
LC1. Lazer-Estetica-Vestuario-Celular:Restaurantes
^
D01/08'2017
MSARAIVA COM
T-49.90
POutros
LB2. Educacao (Mensal):Livros-Material Escolar
^
D01/08'2017
MCAFE DA PRACA COM LTDA
T-3.40
PRestaurantes
LC1. Lazer-Estetica-Vestuario-Celular:Restaurantes
^
D01/08'2017
MIOF COMPRA INTERNACIONA - 5.74 (USD)
T-18.88
PGoverno
LH. Impostos Federais:CPMF-IOF
^
D01/08'2017
MIOF COMPRA INTERNACIONA - 8.25 (USD)
T-27.14
PGoverno
LH. Impostos Federais:CPMF-IOF
^
D02/08'2017
MSWIL BRASIL COMERC04/04
T-87.49
POutros
LE1. Extraordinarias (Ongoing):Presentes
^
D02/08'2017
MAREZZO MORUMBI 04/06
T-100.00
PArezzo
LE1. Extraordinarias (Ongoing):Presentes
^
D02/08'2017
MBER ETNA 04/10
T-22.99
POutros
LE1. Extraordinarias (Ongoing):Residencia Moveis-Eletro-Servicos
^
D02/08'2017
MCACAU SHOW
T-37.10
PRestaurantes
LC1. Lazer-Estetica-Vestuario-Celular:Restaurantes
^
D02/08'2017
MCAFE DA PRACA COM LTDA
T-3.40
PRestaurantes
LC1. Lazer-Estetica-Vestuario-Celular:Restaurantes
^
D03/08'2017
MMAMBO DELIVERY
T-645.92
PMambo Supermercado
LB1. Alimentacao-Drogaria-Vet:Mercado-Padaria-Vinhos
^
D03/08'2017
MZEKA CABELEREIRO
T-280.00
PZeka Cabelereiro
LC1. Lazer-Estetica-Vestuario-Celular:Estetica-Massagem
^
D04/08'2017
MPRIME BURGUER
T-412.27
PRestaurantes
LC1. Lazer-Estetica-Vestuario-Celular:Restaurantes
^
D05/08'2017
MZEKA CABELEREIRO
T-140.00
PZeka Cabelereiro
LC1. Lazer-Estetica-Vestuario-Celular:Estetica-Massagem
^
D05/08'2017
MLITORAL SUL
T-109.00
POutros
LE2. Extraordinarias (One Time):Outras
^
D05/08'2017
MCERVEJARIA STA THEREZI
T-29.00
PRestaurantes
LC1. Lazer-Estetica-Vestuario-Celular:Restaurantes
^
D05/08'2017
MCERVEJARIA STA THEREZI
T-4.00
PRestaurantes
LC1. Lazer-Estetica-Vestuario-Celular:Restaurantes
^
D06/08'2017
MAMCA - 44.82 (USD)
T-147.45
POutros
LE2. Extraordinarias (One Time):Outras
^
D07/08'2017
MINTIMISSIMI 02/06
T-59.70
PIntimissimi
LC1. Lazer-Estetica-Vestuario-Celular:Vestuario Eduardo-Carla
^
D07/08'2017
MPUKET
T-160.70
POutros
LC1. Lazer-Estetica-Vestuario-Celular:Vestuario Marina-Felipe
^
D08/08'2017
MDUFRY LOJAS FRANCAS LT
T0.20
POutros
LB. Outras Receitas:Ajustes
^
D08/08'2017
MDUFRY LOJAS FRANCA02/06
T-209.71
PDufry
LD. Viagens:Compras
^
D08/08'2017
MIOF COMPRA INTERNACIONA - 2.86 (USD)
T-9.41
PGoverno
LH. Impostos Federais:CPMF-IOF
^
D12/08'2017
MDUDALINA 01/05
T-166.47
POutros
LE1. Extraordinarias (Ongoing):Presentes
^
D12/08'2017
MUCI CINEMAS
T-27.50
PCinemark
LC1. Lazer-Estetica-Vestuario-Celular:Cinema-Locadora-Esportes-Diversao
^
D12/08'2017
MLOEWS HOTELS - 166.50 (U.S.DOLLAR) ADIANT UNIV CABANA
T-547.79
PHotel
LD. Viagens:Tkt-Hotel-Auto
^
D13/08'2017
MLN DIESEL 02/04 EMILIA SILVA DESCTO EM FOLHA
T-2,250.00
PEmilia da Silva Santos
LA4. Funcionários:Empregada - Adiantamento
^
D14/08'2017
MIOF COMPRA INTERNACIONA - 10.62 (USD)
T-34.94
PGoverno
LH. Impostos Federais:CPMF-IOF
^
D15/08'2017
MRAIA DROGASIL 547 CENT
T-31.10
PDrogaria
LB1. Alimentacao-Drogaria-Vet:Drogaria
^
D21/08'2017
MCR DIFERENCA COTACAO U$
T17.63
POutros
LB. Outras Receitas:Ajustes
^
D22/08'2017
MBRASMIX COMERCIO E03/04
T-437.90
PColormix Pastilhas
LE1. Extraordinarias (Ongoing):Reforma Vilas
^
D22/08'2017
MLIVRARIA CULTURA 03/03
T-33.30
PLivraria Cultura
LB2. Educacao (Mensal):Livros-Material Escolar
^
D22/08'2017
MAUTO POSTO DOS PASSARO
T-132.20
PCombustível
LF. Automoveis:Combustivel-Lavagem-Oleo
^
D22/08'2017
MOPPA DESIGN LTDA 08/10
T-528.59
POppa Design
L[Residencia Lorian]
^
D22/08'2017
MOPPA DESIGN LTDA 01/02
T-53.68
POppa Design
L[Residencia Lorian]
^
D23/08'2017
MLOJAS AMERICANAS 109/10
T-39.90
POutros
LE1. Extraordinarias (Ongoing):Residencia Moveis-Eletro-Servicos
^
D23/08'2017
MCAFE DA PRACA COM LTDA
T-3.40
PRestaurantes
LC1. Lazer-Estetica-Vestuario-Celular:Restaurantes
^
D23/08'2017
MENGLISH CAMP 03/10
T-443.25
PEnglish Camp
LD. Viagens:Tkt-Hotel-Auto
^
D24/08'2017
MTORINO COMERCIO DE ALI
T-67.52
PRestaurantes
LC1. Lazer-Estetica-Vestuario-Celular:Restaurantes
^
D24/08'2017
MIZ*KARINA PRIETO FERNA
T-32.00
POutros
LC1. Lazer-Estetica-Vestuario-Celular:Estetica-Massagem
^
D25/08'2017
MSTAR 013
T-13.90
POutros
LC1. Lazer-Estetica-Vestuario-Celular:Estetica-Massagem
^
D25/08'2017
MTUHU
T-24.54
PTuhu
LC1. Lazer-Estetica-Vestuario-Celular:Restaurantes
^
D26/08'2017
MNIKE OUTLET 01/10
T-50.43
POutros
LC1. Lazer-Estetica-Vestuario-Celular:Vestuario Marina-Felipe
^
D26/08'2017
MDEDO DE MOCA
T-245.85
PRestaurantes
LC1. Lazer-Estetica-Vestuario-Celular:Restaurantes
^
D26/08'2017
MMC DONALDS AGT
T-78.10
PRestaurantes
LC1. Lazer-Estetica-Vestuario-Celular:Restaurantes
^
D26/08'2017
MZEKA CABELEREIRO
T-210.00
PZeka Cabelereiro
LC1. Lazer-Estetica-Vestuario-Celular:Estetica-Massagem
^
D28/08'2017
MSUPERMERCADOS MAMBO*MA
T-852.27
PMambo Supermercado
LB1. Alimentacao-Drogaria-Vet:Mercado-Padaria-Vinhos
^
D29/08'2017
MPAGSEGUROUOL*Impallets
T-107.40
POutros
LE1. Extraordinarias (Ongoing):Residencia Moveis-Eletro-Servicos
^
D29/08'2017
MRAIA DROGASIL 547 CENT
T-35.75
PDrogaria
LB1. Alimentacao-Drogaria-Vet:Drogaria
^
D30/08'2017
MCOM MATS P/CONST PEL
T-115.00
POutros
LE1. Extraordinarias (Ongoing):Reforma Vilas
^
D30/08'2017
MCAFE DA PRACA COM LTDA
T-8.00
PRestaurantes
LC1. Lazer-Estetica-Vestuario-Celular:Restaurantes
^
D30/08'2017
MPAO DO PARQUE
T-64.35
PPao do Parque
LB1. Alimentacao-Drogaria-Vet:Mercado-Padaria-Vinhos
^
D31/08'2017
MLEROY MERLIN RAPOSO
T0.05
PLeroy Merlin
LB. Outras Receitas:Ajustes
^
D31/08'2017
MLEROY MERLIN RAPOS02/06
T-383.25
PLeroy Merlin
LE1. Extraordinarias (Ongoing):Reforma Vilas
^
D31/08'2017
MCARREFOUR 250 SPV LOBO
T-134.90
PSupermercado
LB1. Alimentacao-Drogaria-Vet:Mercado-Padaria-Vinhos
^
D31/08'2017
MMADERO SAO PAULO
T-53.90
PRestaurantes
LC1. Lazer-Estetica-Vestuario-Celular:Restaurantes
^
D31/08'2017
MXCE -CARREFOUR EXPRESS
T-40.99
PSupermercado
LB1. Alimentacao-Drogaria-Vet:Mercado-Padaria-Vinhos
^
D01/09'2017
MPERS BLACK  3602-0104
T17,596.25
PMastercad Black
L[Itau Personnalité]
^
D01/09'2017
MNOVA CHAMA 03/03
T-139.34
POutros
L[Residencia Lorian]
^
D01/09'2017
MVILA ROMANA SUL NW
T0.20
POutros
LB. Outras Receitas:Ajustes
^
D01/09'2017
MVILA ROMANA SUL NW02/06
T-121.65
PVila Romana
LC1. Lazer-Estetica-Vestuario-Celular:Vestuario Eduardo-Carla
^
D01/09'2017
MBOUTIQUE MORUMBI 01/02
T-81.00
POutros
LC1. Lazer-Estetica-Vestuario-Celular:Vestuario Eduardo-Carla
^
D01/09'2017
MMUNDIAL CALCADOS L01/06
T-16.69
POutros
LC1. Lazer-Estetica-Vestuario-Celular:Vestuario Eduardo-Carla
^
D01/09'2017
MEMPRESA LEVIN
T-298.32
PRestaurantes
LC1. Lazer-Estetica-Vestuario-Celular:Restaurantes
^
D01/09'2017
MTUHU RESTAURANTE
T-33.40
PTuhu
LC1. Lazer-Estetica-Vestuario-Celular:Restaurantes
^
D01/09'2017
MRAIA DROGASIL 547 01/03
T-61.77
PDrogaria
LB1. Alimentacao-Drogaria-Vet:Drogaria
^
D02/09'2017
MAREZZO MORUMBI 05/06
T-100.00
PArezzo
LE1. Extraordinarias (Ongoing):Presentes
^
D02/09'2017
MBER ETNA 05/10
T-22.99
POutros
LE1. Extraordinarias (Ongoing):Residencia Moveis-Eletro-Servicos
^
D02/09'2017
MAUTO VAGAS WTC
T-25.00
PEstapar
LE1. Extraordinarias (Ongoing):Taxi-Estacionamento
^
D02/09'2017
MNICO COOK COMERCIO DE
T-18.00
PRestaurantes
LC1. Lazer-Estetica-Vestuario-Celular:Restaurantes
^
D02/09'2017
MVIENA EXPRESS D E
T-49.43
PRestaurantes
LC1. Lazer-Estetica-Vestuario-Celular:Restaurantes
^
D02/09'2017
MKOPENHAGEN
T-21.40
PRestaurantes
LC1. Lazer-Estetica-Vestuario-Celular:Restaurantes
^
D03/09'2017
MPAO DO PARQUE II
T-26.34
PPao do Parque
LB1. Alimentacao-Drogaria-Vet:Mercado-Padaria-Vinhos
^
D03/09'2017
MRINCONCITO PERUANO
T-195.00
PRestaurantes
LC1. Lazer-Estetica-Vestuario-Celular:Restaurantes
^
D03/09'2017
MLJ 0002 MOEMA SP
T-39.50
PExtra
LB1. Alimentacao-Drogaria-Vet:Mercado-Padaria-Vinhos
^
D04/09'2017
MPAGSEGUROUOL*Colmeia
T-20.90
PRestaurantes
LC1. Lazer-Estetica-Vestuario-Celular:Restaurantes
^
D04/09'2017
MTUHU
T-34.72
PTuhu
LC1. Lazer-Estetica-Vestuario-Celular:Restaurantes
^
D04/09'2017
MCAFE DA PRACA COM LTDA
T-8.00
PRestaurantes
LC1. Lazer-Estetica-Vestuario-Celular:Restaurantes
^
D05/09'2017
MTUHU RESTAURANTE
T-27.31
PTuhu
LC1. Lazer-Estetica-Vestuario-Celular:Restaurantes
^
D06/09'2017
MPIRAPANEMA SERVICOS AU
T-148.16
PCombustível
LF. Automoveis:Combustivel-Lavagem-Oleo
^
D06/09'2017
MTUHU RESTAURANTE
T-26.78
PTuhu
LC1. Lazer-Estetica-Vestuario-Celular:Restaurantes
^
D06/09'2017
MVIENA ALBERT EINSTEIN.
T-30.03
PRestaurantes
LC1. Lazer-Estetica-Vestuario-Celular:Restaurantes
^
D06/09'2017
MFLASH CAR
T-56.00
PCombustível
LF. Automoveis:Combustivel-Lavagem-Oleo
^
D06/09'2017
MPAO DO PARQUE
T-48.14
PPao do Parque
LB1. Alimentacao-Drogaria-Vet:Mercado-Padaria-Vinhos
^
D06/09'2017
MESTACIONAMENTO EINSTEI
T-28.00
PEstapar
LE1. Extraordinarias (Ongoing):Taxi-Estacionamento
^
D07/09'2017
MMASSAS RICCI
T-59.40
PRestaurantes
LC1. Lazer-Estetica-Vestuario-Celular:Restaurantes
^
D07/09'2017
MBABBO GIOVANNI
T-67.30
PRestaurantes
LC1. Lazer-Estetica-Vestuario-Celular:Restaurantes
^
D07/09'2017
MRED
T-89.14
PSupermercado
LB1. Alimentacao-Drogaria-Vet:Mercado-Padaria-Vinhos
^
D07/09'2017
MINTIMISSIMI 03/06
T-59.70
PIntimissimi
LC1. Lazer-Estetica-Vestuario-Celular:Vestuario Eduardo-Carla
^
D08/09'2017
MDUFRY LOJAS FRANCA03/06
T-209.71
PDufry
LD. Viagens:Compras
^
D08/09'2017
MGALINHEIRO GRILL REST
T-253.66
PRestaurantes
LC1. Lazer-Estetica-Vestuario-Celular:Restaurantes
^
D09/09'2017
MEXTRA JAGUARE 1357
T-92.41
PExtra
LB1. Alimentacao-Drogaria-Vet:Mercado-Padaria-Vinhos
^
D09/09'2017
MFABIANA M B DUARTE PEI
T-56.97
POutros
LC1. Lazer-Estetica-Vestuario-Celular:Estetica-Massagem
^
D09/09'2017
MEXTRA POSTO 2725 JAGUA
T-184.10
PCombustível
LF. Automoveis:Combustivel-Lavagem-Oleo
^
D09/09'2017
MLJ0007 SHOP MORUMBI SP
T-47.25
PExtra
LB1. Alimentacao-Drogaria-Vet:Mercado-Padaria-Vinhos
^
D09/09'2017
MDROG EXTRA LJ 2713
T-53.27
PDrogaria
LB1. Alimentacao-Drogaria-Vet:Drogaria
^
D11/09'2017
MCAFE DA PRACA COM LTDA
T-8.00
PRestaurantes
LC1. Lazer-Estetica-Vestuario-Celular:Restaurantes
^
D12/09'2017
MOUTBACK BZ 33 VILA LOB
T-58.85
PRestaurantes
LC1. Lazer-Estetica-Vestuario-Celular:Restaurantes
^
D12/09'2017
MDUDALINA
T0.12
POutros
LB. Outras Receitas:Ajustes
^
D12/09'2017
MDUDALINA 02/05
T-166.47
POutros
LE1. Extraordinarias (Ongoing):Presentes
^
D12/09'2017
MXCE -CARREFOUR EXPRESS
T-24.63
PSupermercado
LB1. Alimentacao-Drogaria-Vet:Mercado-Padaria-Vinhos
^
D12/09'2017
MXCE -CARREFOUR EXPRESS
T-9.78
PSupermercado
LB1. Alimentacao-Drogaria-Vet:Mercado-Padaria-Vinhos
^
D12/09'2017
MRAIA DROGASIL 547 CENT
T-9.59
PDrogaria
LB1. Alimentacao-Drogaria-Vet:Drogaria
^
D12/09'2017
MJACQUES JANINE OSASCO
T-95.00
POutros
LC1. Lazer-Estetica-Vestuario-Celular:Estetica-Massagem
^
D13/09'2017
MLN DIESEL 03/04 EMILIA SILVA DESCTO EM FOLHA
T-2,250.00
PEmilia da Silva Santos
LA4. Funcionários:Empregada - Adiantamento
^
D13/09'2017
MCICLO DE VIDA
T-750.00
PMarcelo Silber
LG. Reembolsaveis:Medicos-Clinicas-Exames
^
D13/09'2017
MBUR DOG
T-124.08
PRestaurantes
LC1. Lazer-Estetica-Vestuario-Celular:Restaurantes
^
D13/09'2017
MWORLD WINE REAL CD
T-270.60
PSupermercado
LB1. Alimentacao-Drogaria-Vet:Mercado-Padaria-Vinhos
^
D14/09'2017
MCARREFOUR 250 SPV LOBO
T-110.50
PSupermercado
LB1. Alimentacao-Drogaria-Vet:Mercado-Padaria-Vinhos
^
D14/09'2017
MTUHU RESTAURANTE
T-30.64
PTuhu
LC1. Lazer-Estetica-Vestuario-Celular:Restaurantes
^
D14/09'2017
M1087 - GRSA GRSA CLARI
T-15.40
PRestaurantes
LC1. Lazer-Estetica-Vestuario-Celular:Restaurantes
^
D15/09'2017
MPONTO CHIC PARAISO
T-69.89
PRestaurantes
LC1. Lazer-Estetica-Vestuario-Celular:Restaurantes
^
D15/09'2017
MCAFE DO PONTO
T-29.40
PRestaurantes
LC1. Lazer-Estetica-Vestuario-Celular:Restaurantes
^
D16/09'2017
MTAM SITE 04/04
T-2,532.38
PTAM Linhas Aereas
LD. Viagens:Tkt-Hotel-Auto
^
D16/09'2017
MENTREPOSTO DAS FEIJOAD
T-23.23
PRestaurantes
LC1. Lazer-Estetica-Vestuario-Celular:Restaurantes
^
D16/09'2017
MFRIOS E LATICINIOS LUV
T-31.50
PSupermercado
LB1. Alimentacao-Drogaria-Vet:Mercado-Padaria-Vinhos
^
D16/09'2017
MTRUQUES DA VOVO
T-60.00
PRestaurantes
LC1. Lazer-Estetica-Vestuario-Celular:Restaurantes
^
D16/09'2017
MCASA DE CARNES GMS
T-170.00
PSupermercado
LB1. Alimentacao-Drogaria-Vet:Mercado-Padaria-Vinhos
^
D16/09'2017
MMERCEARIA RABELLO
T-17.90
PRestaurantes
LC1. Lazer-Estetica-Vestuario-Celular:Restaurantes
^
D16/09'2017
MTRUQUES DA VOVO
T-25.00
PRestaurantes
LC1. Lazer-Estetica-Vestuario-Celular:Restaurantes
^
D19/09'2017
M1087 - GRSA GRSA CLARI
T-16.70
PRestaurantes
LC1. Lazer-Estetica-Vestuario-Celular:Restaurantes
^
D19/09'2017
MJACQUES JANINE OSASCO
T-74.00
POutros
LC1. Lazer-Estetica-Vestuario-Celular:Estetica-Massagem
^
D20/09'2017
MCR DIFERENCA COTACAO U$
T31.11
POutros
LB. Outras Receitas:Ajustes
^
D21/09'2017
MDS BATERIAS AUTOMO01/03
T-103.34
POutros
LF. Automoveis:Manutencao-Revisao Auto
^
D21/09'2017
MCENTAURO CE34 01/02
T-55.00
POutros
LE1. Extraordinarias (Ongoing):Presentes
^
D21/09'2017
MBRABUS SANTO AMARO
T-32.84
POutros
LF. Automoveis:Manutencao-Revisao Auto
^
D21/09'2017
MLJ0007 SHOP MORUMBI SP
T-13.75
PExtra
LB1. Alimentacao-Drogaria-Vet:Mercado-Padaria-Vinhos
^
D21/09'2017
MTHE FIFTIES DELIVERY
T-78.53
PRestaurantes
LC1. Lazer-Estetica-Vestuario-Celular:Restaurantes
^
D21/09'2017
MC SOUTO COMERCIO DE BR
T-99.99
POutros
LE1. Extraordinarias (Ongoing):Reforma Vilas
^
D21/09'2017
M1087 - GRSA GRSA CLARI
T-6.65
PRestaurantes
LC1. Lazer-Estetica-Vestuario-Celular:Restaurantes
^
D22/09'2017
MBRASMIX COMERCIO E04/04
T-437.90
PColormix Pastilhas
LE1. Extraordinarias (Ongoing):Reforma Vilas
^
D22/09'2017
MCENTER CARNES SANTA MA
T-73.21
PSupermercado
LB1. Alimentacao-Drogaria-Vet:Mercado-Padaria-Vinhos
^
D22/09'2017
MFRANGO FRITO
T-37.62
PRestaurantes
LC1. Lazer-Estetica-Vestuario-Celular:Restaurantes
^
D22/09'2017
MC C OSASCO
T-155.78
PC&C
LE1. Extraordinarias (Ongoing):Reforma Vilas
^
D22/09'2017
MFABIANA M B DUARTE PEI
T-67.85
POutros
LC1. Lazer-Estetica-Vestuario-Celular:Estetica-Massagem
^
D22/09'2017
MPAO DO PARQUE II
T-39.46
PPao do Parque
LB1. Alimentacao-Drogaria-Vet:Mercado-Padaria-Vinhos
^
D22/09'2017
MFRUTARIA COLLINAS
T-33.27
PSupermercado
LB1. Alimentacao-Drogaria-Vet:Mercado-Padaria-Vinhos
^
D22/09'2017
MOPPA DESIGN LTDA 09/10
T-528.59
POppa Design
L[Residencia Lorian]
^
D22/09'2017
MOPPA DESIGN LTDA
T0.01
POppa Design
LB. Outras Receitas:Ajustes
^
D22/09'2017
MOPPA DESIGN LTDA 02/02
T-53.68
POppa Design
L[Residencia Lorian]
^
D23/09'2017
MLOJAS AMERICANAS 110/10
T-39.90
POutros
LE1. Extraordinarias (Ongoing):Residencia Moveis-Eletro-Servicos
^
D23/09'2017
MJACQUES JANINE OSASCO
T-56.00
POutros
LC1. Lazer-Estetica-Vestuario-Celular:Estetica-Massagem
^
D23/09'2017
MENGLISH CAMP 04/10
T-443.25
PEnglish Camp
LD. Viagens:Tkt-Hotel-Auto
^
D25/09'2017
MSAO FRA COM HORTI FRUT
T-28.95
PSupermercado
LB1. Alimentacao-Drogaria-Vet:Mercado-Padaria-Vinhos
^
D25/09'2017
MESPACO VILA GOUMERT
T-30.90
PRestaurantes
LC1. Lazer-Estetica-Vestuario-Celular:Restaurantes
^
D25/09'2017
MRAIA DROGASIL 547 CENT
T-68.62
PDrogaria
LB1. Alimentacao-Drogaria-Vet:Drogaria
^
D26/09'2017
MNIKE OUTLET
T0.72
POutros
LB. Outras Receitas:Ajustes
^
D26/09'2017
MNIKE OUTLET 02/10
T-50.43
POutros
LC1. Lazer-Estetica-Vestuario-Celular:Vestuario Marina-Felipe
^
D26/09'2017
MXCE -CARREFOUR EXPRESS
T-63.52
PSupermercado
LB1. Alimentacao-Drogaria-Vet:Mercado-Padaria-Vinhos
^
D27/09'2017
MLEROY MERLIN RAPOSO
T-23.06
PLeroy Merlin
LE1. Extraordinarias (Ongoing):Reforma Vilas
^
D27/09'2017
MRAIA DROGASIL 547 CENT
T-61.00
PDrogaria
LB1. Alimentacao-Drogaria-Vet:Drogaria
^
D28/09'2017
MUNICAR MARTELINHO 01/03
T-500.00
PUnicar Martelinho
LG. Reembolsaveis:Despesas de Trabalho
^
D28/09'2017
MALMANARA-VILLA LOBOS
T-70.45
PRestaurantes
LC1. Lazer-Estetica-Vestuario-Celular:Restaurantes
^
D28/09'2017
MBACIO DILATTD GELATERI
T-35.50
PRestaurantes
LC1. Lazer-Estetica-Vestuario-Celular:Restaurantes
^
D29/09'2017
MCOLECIONA BRINQUED01/02
T-75.00
POutros
LE1. Extraordinarias (Ongoing):Presentes
^
D29/09'2017
MZEBRA
T-35.90
PDeposito Zebra
LE1. Extraordinarias (Ongoing):Reforma Vilas
^
D29/09'2017
MESPACO VILA GOUMERT
T-30.77
PRestaurantes
LC1. Lazer-Estetica-Vestuario-Celular:Restaurantes
^
D29/09'2017
MCAFE DO PONTO
T-7.60
PRestaurantes
LC1. Lazer-Estetica-Vestuario-Celular:Restaurantes
^
D30/09'2017
MLEROY MERLIN RAPOS03/06
T-383.25
PLeroy Merlin
LE1. Extraordinarias (Ongoing):Reforma Vilas
^
D30/09'2017
MPAO DO PARQUE
T-42.95
PPao do Parque
LB1. Alimentacao-Drogaria-Vet:Mercado-Padaria-Vinhos
^
D30/09'2017
MZEKA CABELEREIRO
T-505.00
PZeka Cabelereiro
LC1. Lazer-Estetica-Vestuario-Celular:Estetica-Massagem
^
D30/09'2017
MABBRACCIO MARKET PLACE
T-162.85
PRestaurantes
LC1. Lazer-Estetica-Vestuario-Celular:Restaurantes
^
D01/10'2017
MVILA ROMANA SUL NW03/06
T-121.65
PVila Romana
LC1. Lazer-Estetica-Vestuario-Celular:Vestuario Eduardo-Carla
^
D01/10'2017
MMUNDIAL CALCADOS LJ 08
T0.15
POutros
LB. Outras Receitas:Ajustes
^
D01/10'2017
MBOUTIQUE MORUMBI 02/02
T-81.00
POutros
LC1. Lazer-Estetica-Vestuario-Celular:Vestuario Eduardo-Carla
^
D01/10'2017
MMUNDIAL CALCADOS L02/06
T-16.69
POutros
LC1. Lazer-Estetica-Vestuario-Celular:Vestuario Eduardo-Carla
^
D01/10'2017
MPAO DO PARQUE II
T-16.54
PPao do Parque
LB1. Alimentacao-Drogaria-Vet:Mercado-Padaria-Vinhos
^
D01/10'2017
MDOLCE CAFE
T-16.50
PRestaurantes
LC1. Lazer-Estetica-Vestuario-Celular:Restaurantes
^
D01/10'2017
MRAIA DROGASIL 547 02/03
T-61.77
PDrogaria
LB1. Alimentacao-Drogaria-Vet:Drogaria
^
D02/10'2017
MAREZZO MORUMBI 06/06
T-100.00
PArezzo
LE1. Extraordinarias (Ongoing):Presentes
^
D02/10'2017
MBER ETNA 06/10
T-22.99
POutros
LE1. Extraordinarias (Ongoing):Residencia Moveis-Eletro-Servicos
^
D02/10'2017
MPAG*BrauPaulista
T-39.49
PRestaurantes
LC1. Lazer-Estetica-Vestuario-Celular:Restaurantes
^
D02/10'2017
MESTAPAR
T-35.00
PEstapar
LE1. Extraordinarias (Ongoing):Taxi-Estacionamento
^
D02/10'2017
MBUBBLE KILL
T-24.00
PRestaurantes
LC1. Lazer-Estetica-Vestuario-Celular:Restaurantes
^
D02/10'2017
MPERS BLACK  3602-0104
T13,983.21
PMastercad Black
L[Itau Personnalité]
^
D03/10'2017
MGALETOS
T-65.49
PRestaurantes
LC1. Lazer-Estetica-Vestuario-Celular:Restaurantes
^
D03/10'2017
MBUBBLE KILL
T-12.00
PRestaurantes
LC1. Lazer-Estetica-Vestuario-Celular:Restaurantes
^
D03/10'2017
MDOLCE CAFE
T-9.00
PRestaurantes
LC1. Lazer-Estetica-Vestuario-Celular:Restaurantes
^
D04/10'2017
MPRODUTOS E SERVICOS AU
T-50.00
PCombustível
LF. Automoveis:Combustivel-Lavagem-Oleo
^
D04/10'2017
M2016RAIA
T-43.49
PDrogaria
LB1. Alimentacao-Drogaria-Vet:Drogaria
^
D04/10'2017
MBUBBLE KILL
T-12.00
PRestaurantes
LC1. Lazer-Estetica-Vestuario-Celular:Restaurantes
^
D04/10'2017
MRESTAURANTE HIRO
T-287.10
PRestaurantes
LC1. Lazer-Estetica-Vestuario-Celular:Restaurantes
^
D07/10'2017
MINTIMISSIMI 04/06
T-59.70
PIntimissimi
LC1. Lazer-Estetica-Vestuario-Celular:Vestuario Eduardo-Carla
^
D08/10'2017
MDUFRY LOJAS FRANCA04/06
T-209.71
PDufry
LD. Viagens:Compras
^
D12/10'2017
MDUDALINA 03/05
T-166.47
POutros
LE1. Extraordinarias (Ongoing):Presentes
^
D13/10'2017
MLN DIESEL 04/04 EMILIA SILVA DESCTO EM FOLHA
T-2,250.00
PEmilia da Silva Santos
LA4. Funcionários:Empregada - Adiantamento
^
D14/10'2017
MHERTZ RENT-A-CAR 560.50 (U.S.DOLLAR)
T-1,860.86
POutros
LD. Viagens:Tkt-Hotel-Auto
^
D15/10'2017
MC S VENEZA LTDA
T-50.00
PCombustível
LF. Automoveis:Combustivel-Lavagem-Oleo
^
D15/10'2017
MDROGASIL 170
T-29.90
PDrogaria
LB1. Alimentacao-Drogaria-Vet:Drogaria
^
D16/10'2017
MPAO DO PARQUE
T-18.55
PPao do Parque
LB1. Alimentacao-Drogaria-Vet:Mercado-Padaria-Vinhos
^
D16/10'2017
MIOF COMPRA INTERNACIONA 35.76 (U. S. DOLLAR)
T-118.73
PGoverno
LH. Impostos Federais:CPMF-IOF
^
D17/10'2017
MFRANGO FRITO
T-55.40
PRestaurantes
LC1. Lazer-Estetica-Vestuario-Celular:Restaurantes
^
D17/10'2017
MDERMA SKIN 01/04
T-725.00
POutros
LC1. Lazer-Estetica-Vestuario-Celular:Estetica-Massagem
^
D17/10'2017
MKEYO ALIMENTOS
T-90.80
PRestaurantes
LC1. Lazer-Estetica-Vestuario-Celular:Restaurantes
^
D17/10'2017
MAUTO POSTO PHENIX
T-100.00
PCombustível
LF. Automoveis:Combustivel-Lavagem-Oleo
^
D21/10'2017
MDS BATERIAS AUTOMOTIVA
T0.02
POutros
LB. Outras Receitas:Ajustes
^
D21/10'2017
MCENTAURO CE34
T0.01
POutros
LB. Outras Receitas:Ajustes
^
D21/10'2017
MDS BATERIAS AUTOMO02/03
T-103.34
POutros
LF. Automoveis:Manutencao-Revisao Auto
^
D21/10'2017
MCENTAURO CE34 02/02
T-55.00
POutros
LE1. Extraordinarias (Ongoing):Presentes
^
D21/10'2017
MMANAGER ALL
T-65.47
PRestaurantes
LC1. Lazer-Estetica-Vestuario-Celular:Restaurantes
^
D22/10'2017
MOPPA DESIGN LTDA 10/10
T-528.59
POppa Design
L[Residencia Lorian]
^
D23/10'2017
MVIENA ALBERT EINSTEIN.
T-43.29
PRestaurantes
LC1. Lazer-Estetica-Vestuario-Celular:Restaurantes
^
D23/10'2017
MDROG SAO PAULO FL 241
T-66.61
PDrogaria
LB1. Alimentacao-Drogaria-Vet:Drogaria
^
D23/10'2017
MDROG SAO PAULO FL 241
T-4.06
PDrogaria
LB1. Alimentacao-Drogaria-Vet:Drogaria
^
D23/10'2017
MSTAR 013
T-6.90
PRestaurantes
LC1. Lazer-Estetica-Vestuario-Celular:Restaurantes
^
D23/10'2017
MESTACIONAMENTO EINSTEI
T-38.00
PEstapar
LE1. Extraordinarias (Ongoing):Taxi-Estacionamento
^
D23/10'2017
MCAFE DA PRACA COM LTDA
T-7.60
PRestaurantes
LC1. Lazer-Estetica-Vestuario-Celular:Restaurantes
^
D23/10'2017
MENGLISH CAMP 05/10
T-443.25
PEnglish Camp
LD. Viagens:Tkt-Hotel-Auto
^
D24/10'2017
MWG SECURITY
T-300.00
POutros
LE1. Extraordinarias (Ongoing):Residencia Moveis-Eletro-Servicos
^
D24/10'2017
MBUBBLE KILL
T-24.00
PRestaurantes
LC1. Lazer-Estetica-Vestuario-Celular:Restaurantes
^
D24/10'2017
MRINCONCITO
T-84.08
PRestaurantes
LC1. Lazer-Estetica-Vestuario-Celular:Restaurantes
^
D24/10'2017
MSARAIVA PAULISTA 66
T-43.35
POutros
LB2. Educacao (Mensal):Livros-Material Escolar
^
D25/10'2017
MC C OSASCO 01/05
T-113.95
PC&C
LE1. Extraordinarias (Ongoing):Reforma Vilas
^
D25/10'2017
MCOM MATS P/CONST PEL
T-58.00
POutros
LE1. Extraordinarias (Ongoing):Reforma Vilas
^
D25/10'2017
MCOMENDADOR DOS PAES
T-19.03
PRestaurantes
LC1. Lazer-Estetica-Vestuario-Celular:Restaurantes
^
D25/10'2017
MCAFE DA PRACA COM LTDA
T-7.60
PRestaurantes
LC1. Lazer-Estetica-Vestuario-Celular:Restaurantes
^
D26/10'2017
MNIKE OUTLET 03/10
T-50.43
POutros
LC1. Lazer-Estetica-Vestuario-Celular:Vestuario Marina-Felipe
^
D26/10'2017
MLEROY MERLIN MORUMBI
T-90.70
PLeroy Merlin
LE1. Extraordinarias (Ongoing):Reforma Vilas
^
D26/10'2017
MEX HIPER MORUMBI
T-169.62
PExtra
LB1. Alimentacao-Drogaria-Vet:Mercado-Padaria-Vinhos
^
D26/10'2017
MFRIENDS SELF SERVICE
T-49.33
PRestaurantes
LC1. Lazer-Estetica-Vestuario-Celular:Restaurantes
^
D26/10'2017
MDROG 2230 EX MORUMBI
T-28.94
PDrogaria
LB1. Alimentacao-Drogaria-Vet:Drogaria
^
D26/10'2017
MHERTZ TOLL CHARGE-ATS usd 27.47
T-94.22
POutros
LD. Viagens:Tkt-Hotel-Auto
^
D27/10'2017
MOUTBACK BZ 19 BOURBON
T-60.45
PRestaurantes
LC1. Lazer-Estetica-Vestuario-Celular:Restaurantes
^
D27/10'2017
MIOF COMPRA INTERNACIONA usd 1.75
T-6.00
PGoverno
LH. Impostos Federais:CPMF-IOF
^
D28/10'2017
MUNICAR MARTELINHO 02/03
T-500.00
PUnicar Martelinho
LG. Reembolsaveis:Despesas de Trabalho
^
D28/10'2017
MANNE INTERIORES 01/04
T-401.64
PAnne Interiores
L[Residencia Lorian]
^
D28/10'2017
MRED
T-34.23
PSupermercado
LB1. Alimentacao-Drogaria-Vet:Mercado-Padaria-Vinhos
^
D28/10'2017
MPAO DO PARQUE
T-22.37
PPao do Parque
LB1. Alimentacao-Drogaria-Vet:Mercado-Padaria-Vinhos
^
D28/10'2017
MREST FUJIYAMA
T-240.57
PRestaurantes
LC1. Lazer-Estetica-Vestuario-Celular:Restaurantes
^
D29/10'2017
MCOLECIONA BRINQUEDOS
T0.01
POutros
LB. Outras Receitas:Ajustes
^
D29/10'2017
MCOLECIONA BRINQUED02/02
T-75.00
POutros
LE1. Extraordinarias (Ongoing):Presentes
^
D29/10'2017
MMASSAS RICCI
T-67.65
PRestaurantes
LC1. Lazer-Estetica-Vestuario-Celular:Restaurantes
^
D30/10'2017
MBLACKN LOAD COFFEE TRU
T-9.00
PRestaurantes
LC1. Lazer-Estetica-Vestuario-Celular:Restaurantes
^
D30/10'2017
MTUHU
T-19.75
PTuhu
LC1. Lazer-Estetica-Vestuario-Celular:Restaurantes
^
D31/10'2017
MLEROY MERLIN RAPOS04/06
T-383.25
PLeroy Merlin
LE1. Extraordinarias (Ongoing):Reforma Vilas
^
D31/10'2017
MREAL COML LTDA
T-234.00
POutros
LE1. Extraordinarias (Ongoing):Reforma Vilas
^
D01/11'2017
MPERS BLACK  3602-0104
T11,281.31
PMastercad Black
L[Itau Personnalité]
^
D01/11'2017
MVILA ROMANA SUL NW04/06
T-121.65
PVila Romana
LC1. Lazer-Estetica-Vestuario-Celular:Vestuario Eduardo-Carla
^
D01/11'2017
MMUNDIAL CALCADOS L03/06
T-16.69
POutros
LC1. Lazer-Estetica-Vestuario-Celular:Vestuario Marina-Felipe
^
D01/11'2017
MRAIA DROGASIL 547 03/03
T-61.77
PDrogaria
LB1. Alimentacao-Drogaria-Vet:Drogaria
^
D02/11'2017
MBER ETNA 07/10
T-22.99
POutros
LE1. Extraordinarias (Ongoing):Residencia Moveis-Eletro-Servicos
^
D05/11'2017
MHERTZ TOLL CHARGE-ATS usd 1.40
T-4.81
POutros
LD. Viagens:Tkt-Hotel-Auto
^
D06/11'2017
MCAFE DA PRACA COM LTDA
T-7.60
PRestaurantes
LC1. Lazer-Estetica-Vestuario-Celular:Restaurantes
^
D06/11'2017
MIOF COMPRA INTERNACIONA usd 0.09
T-0.31
PGoverno
LH. Impostos Federais:CPMF-IOF
^
D07/11'2017
MINTIMISSIMI 05/06
T-59.70
PIntimissimi
LC1. Lazer-Estetica-Vestuario-Celular:Vestuario Eduardo-Carla
^
D08/11'2017
MDUFRY LOJAS FRANCA05/06
T-209.71
POutros
LD. Viagens:Compras
^
D08/11'2017
MCAFE DA PRACA COM LTDA
T-7.60
PRestaurantes
LC1. Lazer-Estetica-Vestuario-Celular:Restaurantes
^
D10/11'2017
MGILBERTO DE MELLO 01/03
T-233.34
POutros
LC1. Lazer-Estetica-Vestuario-Celular:Estetica-Massagem
^
D11/11'2017
MZEKA CABELEREIRO
T-163.00
PZeka Cabelereiro
LC1. Lazer-Estetica-Vestuario-Celular:Estetica-Massagem
^
D12/11'2017
MBOVINU S REBOUCAS
T-504.93
PRestaurantes
LC1. Lazer-Estetica-Vestuario-Celular:Restaurantes
^
D12/11'2017
MDUDALINA 04/05
T-166.47
POutros
LE1. Extraordinarias (Ongoing):Presentes
^
D13/11'2017
MSWAROVSKI 01/04
T-124.75
POutros
LE1. Extraordinarias (Ongoing):Presentes
^
D13/11'2017
MBACIO DILATTD GELATERI
T-13.75
PRestaurantes
LC1. Lazer-Estetica-Vestuario-Celular:Restaurantes
^
D13/11'2017
MCAFE DA PRACA COM LTDA
T-3.40
PRestaurantes
LC1. Lazer-Estetica-Vestuario-Celular:Restaurantes
^
D14/11'2017
MCENTER CARNES SANTA MA
T-28.74
PSupermercado
LB1. Alimentacao-Drogaria-Vet:Mercado-Padaria-Vinhos
^
D14/11'2017
MCLINICA MEDICA GIOVANA
T-210.00
PClinica Medica Giovana
LC1. Lazer-Estetica-Vestuario-Celular:Estetica-Massagem
^
D14/11'2017
MVG PARK
T-20.00
PEstapar
LE1. Extraordinarias (Ongoing):Taxi-Estacionamento
^
D15/11'2017
MAR PIZZAS DO BRASIL
T-30.00
PRestaurantes
LC1. Lazer-Estetica-Vestuario-Celular:Restaurantes
^
D15/11'2017
MFRANGO FRITO
T-62.40
PRestaurantes
LC1. Lazer-Estetica-Vestuario-Celular:Restaurantes
^
D16/11'2017
MDROGA JOVEM
T-24.00
PDrogaria
LB1. Alimentacao-Drogaria-Vet:Drogaria
^
D16/11'2017
MEMPORIO DAS COMIDAS
T-33.90
PRestaurantes
LC1. Lazer-Estetica-Vestuario-Celular:Restaurantes
^
D16/11'2017
MLAVA RAPIDO OSHIMA
T-35.00
POutros
LF. Automoveis:Combustivel-Lavagem-Oleo
^
D17/11'2017
ML B PINTO PROD ART01/04
T-397.50
POutros
LE1. Extraordinarias (Ongoing):Residencia Moveis-Eletro-Servicos
^
D17/11'2017
MPOKE POKE RESTAURANTE
T-67.80
PRestaurantes
LC1. Lazer-Estetica-Vestuario-Celular:Restaurantes
^
D17/11'2017
MATEF
T-197.82
POutros
LE1. Extraordinarias (Ongoing):Residencia Moveis-Eletro-Servicos
^
D17/11'2017
MOAKBERRY ACAI
T-12.90
PRestaurantes
LC1. Lazer-Estetica-Vestuario-Celular:Restaurantes
^
D17/11'2017
MDROGA JOVEM
T-24.00
PDrogaria
LB1. Alimentacao-Drogaria-Vet:Drogaria
^
D17/11'2017
MDERMA SKIN 02/04
T-725.00
POutros
LC1. Lazer-Estetica-Vestuario-Celular:Estetica-Massagem
^
D17/11'2017
MOFNER-ANALIA FRANCO
T-26.70
PRestaurantes
LC1. Lazer-Estetica-Vestuario-Celular:Restaurantes
^
D17/11'2017
MMANAGER ALL
T-140.10
PRestaurantes
LC1. Lazer-Estetica-Vestuario-Celular:Restaurantes
^
D18/11'2017
MANNE INTERIORES 01/03
T-308.10
PAnne Interiores
L[Residencia Lorian]
^
D18/11'2017
MPAO DO PARQUE
T-38.62
PPao do Parque
LB1. Alimentacao-Drogaria-Vet:Mercado-Padaria-Vinhos
^
D18/11'2017
MESTAPAR JUCELINO
T-22.00
PEstapar
LE1. Extraordinarias (Ongoing):Taxi-Estacionamento
^
D18/11'2017
MPIRAJA
T-149.16
PRestaurantes
LC1. Lazer-Estetica-Vestuario-Celular:Restaurantes
^
D19/11'2017
MC S VENEZA LTDA
T-187.36
PCombustível
LF. Automoveis:Combustivel-Lavagem-Oleo
^
D19/11'2017
MAMERICA VILLA LOBOS
T-77.86
PRestaurantes
LC1. Lazer-Estetica-Vestuario-Celular:Restaurantes
^
D19/11'2017
MDSP 0266 SHP V LOBOS
T-25.45
POutros
LE2. Extraordinarias (One Time):Outras
^
D20/11'2017
MDB DIFERENCA COTACAO U$
T-59.63
PMastercad Black
LB. Outras Receitas:Ajustes
^
D20/11'2017
MBTP*UNICAR MARTELINHO
T0.02
POutros
LB. Outras Receitas:Ajustes
^
D20/11'2017
MBTP*UNICAR MARTELI01/03
T-733.34
PUnicar Martelinho
LG. Reembolsaveis:Despesas de Trabalho
^
D20/11'2017
MCOM MATS P/CONST PEL
T-71.00
POutros
LE1. Extraordinarias (Ongoing):Reforma Vilas
^
D20/11'2017
MLEROY MERLIN
T-47.89
PLeroy Merlin
LE1. Extraordinarias (Ongoing):Reforma Vilas
^
D20/11'2017
MPAO DO PARQUE II
T-43.47
PPao do Parque
LB1. Alimentacao-Drogaria-Vet:Mercado-Padaria-Vinhos
^
D20/11'2017
M1087 - GRSA GRSA CLARI
T-6.25
PRestaurantes
LC1. Lazer-Estetica-Vestuario-Celular:Restaurantes
^
D20/11'2017
MBAR MARTINS
T-41.27
PRestaurantes
LC1. Lazer-Estetica-Vestuario-Celular:Restaurantes
^
D20/11'2017
MCLINICA MEDICA GIOVANA
T-210.00
PClinica Medica Giovana
LC1. Lazer-Estetica-Vestuario-Celular:Estetica-Massagem
^
D20/11'2017
MVG PARK
T-20.00
PEstapar
LE1. Extraordinarias (Ongoing):Taxi-Estacionamento
^
D21/11'2017
MDS BATERIAS AUTOMO03/03
T-103.34
POutros
LF. Automoveis:Manutencao-Revisao Auto
^
D21/11'2017
MGRAN COFFEE
T-2.90
PRestaurantes
LC1. Lazer-Estetica-Vestuario-Celular:Restaurantes
^
D21/11'2017
MFRIENDS SELF SERVICE
T-24.40
PRestaurantes
LC1. Lazer-Estetica-Vestuario-Celular:Restaurantes
^
D21/11'2017
MESTACIONAMENTO EINSTEI
T-18.00
PEstapar
LE1. Extraordinarias (Ongoing):Taxi-Estacionamento
^
D21/11'2017
M1087 - GRSA GRSA CLARI
T-9.50
PRestaurantes
LC1. Lazer-Estetica-Vestuario-Celular:Restaurantes
^
D21/11'2017
M1087 - GRSA GRSA CLARI
T-13.50
PRestaurantes
LC1. Lazer-Estetica-Vestuario-Celular:Restaurantes
^
D22/11'2017
MBUR DOG
T-166.32
PRestaurantes
LC1. Lazer-Estetica-Vestuario-Celular:Restaurantes
^
D22/11'2017
MCAFE DA PRACA COM LTDA
T-7.60
PRestaurantes
LC1. Lazer-Estetica-Vestuario-Celular:Restaurantes
^
D22/11'2017
M1087 - GRSA GRSA CLARI
T-8.65
PRestaurantes
LC1. Lazer-Estetica-Vestuario-Celular:Restaurantes
^
D23/11'2017
MLEROY MERLIN RAPOS01/03
T-112.19
PLeroy Merlin
LE1. Extraordinarias (Ongoing):Reforma Vilas
^
D23/11'2017
MLEROY MERLIN TIETE01/05
T-109.96
PLeroy Merlin
LE1. Extraordinarias (Ongoing):Reforma Vilas
^
D23/11'2017
MANDIAMO VILA OLIMPIA
T-102.15
PRestaurantes
LC1. Lazer-Estetica-Vestuario-Celular:Restaurantes
^
D23/11'2017
MDISTRIBUIDORA DE HORTI
T-127.00
PSupermercado
LB1. Alimentacao-Drogaria-Vet:Mercado-Padaria-Vinhos
^
D23/11'2017
MPAO DO PARQUE
T-7.10
PPao do Parque
LB1. Alimentacao-Drogaria-Vet:Mercado-Padaria-Vinhos
^
D23/11'2017
M1087 - GRSA GRSA CLARI
T-9.45
PRestaurantes
LC1. Lazer-Estetica-Vestuario-Celular:Restaurantes
^
D23/11'2017
MENGLISH CAMP 06/10
T-443.25
PEnglish Camp
LD. Viagens:Tkt-Hotel-Auto
^
D24/11'2017
MESTAPAR GASOMETRO
T-14.00
PEstapar
LE1. Extraordinarias (Ongoing):Taxi-Estacionamento
^
D24/11'2017
MESPACO VILA GOUMERT
T-24.57
PRestaurantes
LC1. Lazer-Estetica-Vestuario-Celular:Restaurantes
^
D24/11'2017
MPAO DO PARQUE II
T-20.91
PPao do Parque
LB1. Alimentacao-Drogaria-Vet:Mercado-Padaria-Vinhos
^
D25/11'2017
MC C OSASCO
T0.04
PC&C
LB. Outras Receitas:Ajustes
^
D25/11'2017
MC C OSASCO 02/05
T-113.95
PC&C
LE1. Extraordinarias (Ongoing):Reforma Vilas
^
D25/11'2017
MRED
T-110.08
PSupermercado
LB1. Alimentacao-Drogaria-Vet:Mercado-Padaria-Vinhos
^
D26/11'2017
MNIKE OUTLET 04/10
T-50.43
POutros
LC1. Lazer-Estetica-Vestuario-Celular:Vestuario Marina-Felipe
^
D26/11'2017
MAR PIZZAS DO BRASIL
T-7.00
PRestaurantes
LC1. Lazer-Estetica-Vestuario-Celular:Restaurantes
^
D26/11'2017
MAR PIZZAS DO BRASIL
T-10.00
PRestaurantes
LC1. Lazer-Estetica-Vestuario-Celular:Restaurantes
^
D26/11'2017
MBUR DOG
T-60.00
PRestaurantes
LC1. Lazer-Estetica-Vestuario-Celular:Restaurantes
^
D26/11'2017
MDROGA RAIA F24
T-23.50
PDrogaria
LB1. Alimentacao-Drogaria-Vet:Drogaria
^
D27/11'2017
M4BIO MEDICAMENTOS 01/03
T-293.34
P4BIO
LE2. Extraordinarias (One Time):Medicos-Clinicas-Exames
^
D27/11'2017
MGME COMERCIO VAREJ
T-13.90
PRestaurantes
LC1. Lazer-Estetica-Vestuario-Celular:Restaurantes
^
D27/11'2017
MESPACO VILA GOUMERT
T-26.82
PRestaurantes
LC1. Lazer-Estetica-Vestuario-Celular:Restaurantes
^
D27/11'2017
MSUPERMERCADOS MAMBO*MA
T-617.17
PMambo Supermercado
LB1. Alimentacao-Drogaria-Vet:Mercado-Padaria-Vinhos
^
D28/11'2017
MUNICAR MARTELINHO 03/03
T-500.00
PUnicar Martelinho
LG. Reembolsaveis:Despesas de Trabalho
^
D28/11'2017
MANNE INTERIORES
T0.06
POutros
LB. Outras Receitas:Ajustes
^
D28/11'2017
MANNE INTERIORES 02/04
T-401.64
PAnne Interiores
L[Residencia Lorian]
^
D28/11'2017
MLEROY MERLIN RAPOS01/03
T-124.90
PLeroy Merlin
LE1. Extraordinarias (Ongoing):Reforma Vilas
^
D28/11'2017
MAMERICA VILLA LOBOS
T-54.52
PRestaurantes
LC1. Lazer-Estetica-Vestuario-Celular:Restaurantes
^
D28/11'2017
MBUBBLEKILL VILLA LOBOS
T-15.00
PRestaurantes
LC1. Lazer-Estetica-Vestuario-Celular:Restaurantes
^
D28/11'2017
MCENTAURO 46-ELDORA01/02
T-64.99
POutros
LC1. Lazer-Estetica-Vestuario-Celular:Vestuario Marina-Felipe
^
D28/11'2017
MRAIA DROGASIL 547 CENT
T-78.89
PDrogaria
LB1. Alimentacao-Drogaria-Vet:Drogaria
^
D28/11'2017
MMARIA ANGELINA STOCKLE
T-57.00
POutros
LC1. Lazer-Estetica-Vestuario-Celular:Vestuario Eduardo-Carla
^
D28/11'2017
MCAFE DO PONTO
T-3.40
PRestaurantes
LC1. Lazer-Estetica-Vestuario-Celular:Restaurantes
^
D29/11'2017
M1087 - GRSA GRSA CLARI
T-11.35
PRestaurantes
LC1. Lazer-Estetica-Vestuario-Celular:Restaurantes
^
D30/11'2017
MLEROY MERLIN RAPOS05/06
T-383.25
PLeroy Merlin
LE1. Extraordinarias (Ongoing):Reforma Vilas
^
D30/11'2017
MCANTO DA MATA FORNERIA
T-89.00
PRestaurantes
LC1. Lazer-Estetica-Vestuario-Celular:Restaurantes
^
D01/12'2017
MPERS BLACK  3602-0104
T10,348.94
PMastercad Black
L[Itau Personnalité]
^
D01/12'2017
MVILA ROMANA SUL NW05/06
T-121.65
PVila Romana
LC1. Lazer-Estetica-Vestuario-Celular:Vestuario Eduardo-Carla
^
D01/12'2017
MMUNDIAL CALCADOS L04/06
T-16.69
POutros
LC1. Lazer-Estetica-Vestuario-Celular:Vestuario Marina-Felipe
^
D01/12'2017
MLEROY MERLIN
T-180.79
PLeroy Merlin
LE1. Extraordinarias (Ongoing):Reforma Vilas
^
D01/12'2017
M1087 - GRSA GRSA CLARI
T-12.55
PRestaurantes
LC1. Lazer-Estetica-Vestuario-Celular:Restaurantes
^
D02/12'2017
MBER ETNA 08/10
T-22.99
POutros
LE1. Extraordinarias (Ongoing):Residencia Moveis-Eletro-Servicos
^
D02/12'2017
MPAO DO PARQUE
T-46.16
PPao do Parque
LB1. Alimentacao-Drogaria-Vet:Mercado-Padaria-Vinhos
^
D04/12'2017
MINGRESSO COM
T56.71
PCinemark
LB. Outras Receitas:Devolucao - Pagto Emprestimo
^
D04/12'2017
MINGRESSO COM
T65.60
PCinemark
LB. Outras Receitas:Devolucao - Pagto Emprestimo
^
D04/12'2017
MINGRESSO COM
T-56.71
PCinemark
LC1. Lazer-Estetica-Vestuario-Celular:Cinema-Locadora-Esportes-Diversao
^
D04/12'2017
MINGRESSO COM
T-65.60
PCinemark
LC1. Lazer-Estetica-Vestuario-Celular:Cinema-Locadora-Esportes-Diversao
^
D05/12'2017
MPOSTO VENEZA
T-155.19
PCombustível
LF. Automoveis:Combustivel-Lavagem-Oleo
^
D05/12'2017
M1087 - GRSA GRSA CLARI
T-7.70
PRestaurantes
LC1. Lazer-Estetica-Vestuario-Celular:Restaurantes
^
D06/12'2017
MSARAIVA COM 01/10
T-96.49
PSaraiva
LB2. Educacao (Mensal):Livros-Material Escolar
^
D06/12'2017
MSARAIVA COM 02/10
T-96.49
PSaraiva
LB2. Educacao (Mensal):Livros-Material Escolar
^
D07/12'2017
MINTIMISSIMI 06/06
T-59.70
PIntimissimi
LC1. Lazer-Estetica-Vestuario-Celular:Vestuario Eduardo-Carla
^
D07/12'2017
MRAIA DROGASIL 547 01/02
T-70.10
PDrogaria
LB1. Alimentacao-Drogaria-Vet:Drogaria
^
D07/12'2017
MCAFE DO PONTO
T-4.60
PRestaurantes
LC1. Lazer-Estetica-Vestuario-Celular:Restaurantes
^
D08/12'2017
MDUFRY LOJAS FRANCA06/06
T-209.71
PDufry
LD. Viagens:Compras
^
D08/12'2017
MRESTAURANTE TORDESILHA
T-451.00
PRestaurantes
LC1. Lazer-Estetica-Vestuario-Celular:Restaurantes
^
D09/12'2017
MDROGA RAIA F106 01/03
T-42.21
PDrogaria
LB1. Alimentacao-Drogaria-Vet:Drogaria
^
D09/12'2017
MPAO DO PARQUE
T-63.52
PPao do Parque
LB1. Alimentacao-Drogaria-Vet:Mercado-Padaria-Vinhos
^
D09/12'2017
MAPPLEBEE S
T-203.92
PRestaurantes
LC1. Lazer-Estetica-Vestuario-Celular:Restaurantes
^
D09/12'2017
MMR CHENEY COTIA
T-31.00
PRestaurantes
LC1. Lazer-Estetica-Vestuario-Celular:Restaurantes
^
D09/12'2017
MDROGA RAIA F106 02/03
T-42.21
PDrogaria
LB1. Alimentacao-Drogaria-Vet:Drogaria
^
D10/12'2017
MGILBERTO DE MELLO SCHA
T0.02
POutros
LB. Outras Receitas:Ajustes
^
D10/12'2017
MGILBERTO DE MELLO 02/03
T-233.34
POutros
LC1. Lazer-Estetica-Vestuario-Celular:Estetica-Massagem
^
D10/12'2017
MMASSAS RICCI
T-12.79
PRestaurantes
LC1. Lazer-Estetica-Vestuario-Celular:Restaurantes
^
D10/12'2017
MBEEF BOUTIQUE
T-63.14
PRestaurantes
LB1. Alimentacao-Drogaria-Vet:Mercado-Padaria-Vinhos
^
D10/12'2017
MRED
T-19.88
PSupermercado
LB1. Alimentacao-Drogaria-Vet:Mercado-Padaria-Vinhos
^
D11/12'2017
MMULTI CENTER COMER01/04
T-141.13
POutros
LB2. Educacao (Mensal):Livros-Material Escolar
^
D11/12'2017
MDRL PAES E DOCES LTDA
T-83.92
PRestaurantes
LB1. Alimentacao-Drogaria-Vet:Mercado-Padaria-Vinhos
^
D11/12'2017
MKALUNGA IMPERATRIZ LEO
T-54.00
Pkalunga
LB2. Educacao (Mensal):Livros-Material Escolar
^
D11/12'2017
MEXTRA POSTO 2725 JAGUA
T-204.04
PCombustível
LF. Automoveis:Combustivel-Lavagem-Oleo
^
D11/12'2017
MMULTI CENTER COMERCIAL
T0.06
POutros
LB2. Educacao (Mensal):Livros-Material Escolar
^
D11/12'2017
MMULTI CENTER COMER02/04
T-141.13
POutros
LB2. Educacao (Mensal):Livros-Material Escolar
^
D12/12'2017
MZEKA CABELEREIRO
T-210.00
PZeka Cabelereiro
LC1. Lazer-Estetica-Vestuario-Celular:Estetica-Massagem
^
D12/12'2017
MDUDALINA 05/05
T-166.47
POutros
LE1. Extraordinarias (Ongoing):Presentes
^
D12/12'2017
MRAIA DROGASIL 547 CENT
T-4.34
PDrogaria
LB1. Alimentacao-Drogaria-Vet:Drogaria
^
D12/12'2017
MCLINICA MEDICA GIOVANA
T-210.00
PClinica Medica Giovana
LC1. Lazer-Estetica-Vestuario-Celular:Estetica-Massagem
^
D12/12'2017
MVG PARK
T-20.00
PEstapar
LE1. Extraordinarias (Ongoing):Taxi-Estacionamento
^
D12/12'2017
MSUBMARINO MARKETPL01/06
T-11.16
PSubmarino
LB2. Educacao (Mensal):Livros-Material Escolar
^
D12/12'2017
MSUBMARINO MARKETPL01/03
T-12.16
PSubmarino
LB2. Educacao (Mensal):Livros-Material Escolar
^
D12/12'2017
MSUBMARINO MARKETPL02/03
T-12.16
PSubmarino
LB2. Educacao (Mensal):Livros-Material Escolar
^
D12/12'2017
MSUBMARINO MARKETPL02/06
T-11.16
PSubmarino
LB2. Educacao (Mensal):Livros-Material Escolar
^
D13/12'2017
MSWAROVSKI 02/04
T-124.75
POutros
LE1. Extraordinarias (Ongoing):Presentes
^
D13/12'2017
MINGRESSO COM
T-42.80
PCinemark
LC1. Lazer-Estetica-Vestuario-Celular:Cinema-Locadora-Esportes-Diversao
^
D13/12'2017
MCAFE DA PRACA COM LTDA
T-3.40
PRestaurantes
LB1. Alimentacao-Drogaria-Vet:Mercado-Padaria-Vinhos
^
D13/12'2017
MLIVRO FACIL 01/10
T-40.42
PLivro Facil
LB2. Educacao (Mensal):Livros-Material Escolar
^
D13/12'2017
MLIVRO FACIL
T0.72
PLivro Facil
LB. Outras Receitas:Ajustes
^
D13/12'2017
MLIVRO FACIL 02/10
T-40.42
PLivro Facil
LB2. Educacao (Mensal):Livros-Material Escolar
^
D14/12'2017
MMADERO IFLY SP
T-40.00
PRestaurantes
LC1. Lazer-Estetica-Vestuario-Celular:Restaurantes
^
D14/12'2017
MTONTON JAZZ MUSIC BAR
T-27.00
PRestaurantes
LB1. Alimentacao-Drogaria-Vet:Mercado-Padaria-Vinhos
^
D16/12'2017
MFRUTARIA COLLINAS
T-58.24
PSupermercado
LB1. Alimentacao-Drogaria-Vet:Mercado-Padaria-Vinhos
^
D17/12'2017
ML B PINTO PROD ARTESAN
T0.06
POutros
LB. Outras Receitas:Ajustes
^
D17/12'2017
ML B PINTO PROD ART02/04
T-397.50
POutros
LE1. Extraordinarias (Ongoing):Residencia Moveis-Eletro-Servicos
^
D17/12'2017
MDERMA SKIN 03/04
T-725.00
POutros
LC1. Lazer-Estetica-Vestuario-Celular:Estetica-Massagem
^
D18/12'2017
MANNE INTERIORES 02/03
T-308.10
PAnne Interiores
L[Residencia Lorian]
^
D18/12'2017
MINGRESSO COM
T-86.92
PCinemark
LC1. Lazer-Estetica-Vestuario-Celular:Cinema-Locadora-Esportes-Diversao
^
D19/12'2017
MCR DIFERENCA COTACAO U$
T0.61
PMastercad Black
LB. Outras Receitas:Ajustes
^
D19/12'2017
MCIA MARITIMA 01/02
T-99.00
POutros
LE1. Extraordinarias (Ongoing):Presentes
^
D19/12'2017
MALMANARA-SHOP.BOURBON
T-129.80
PRestaurantes
LC1. Lazer-Estetica-Vestuario-Celular:Restaurantes
^
D19/12'2017
MEXTRA POSTO 2725 JAGUA
T-186.60
PCombustível
LF. Automoveis:Combustivel-Lavagem-Oleo
^
D20/12'2017
MBTP*UNICAR MARTELI02/03
T-733.34
PUnicar Martelinho
LG. Reembolsaveis:Despesas de Trabalho
^
D20/12'2017
MCIA MARITIMA
T0.04
POutros
LB. Outras Receitas:Ajustes
^
D20/12'2017
MCIA MARITIMA 01/03
T-124.68
POutros
LE1. Extraordinarias (Ongoing):Presentes
^
D20/12'2017
MPIRAPANEMA SERVICOS AU
T-214.55
PCombustível
LF. Automoveis:Combustivel-Lavagem-Oleo
^
D20/12'2017
MSUPERMERCADOS MAMBO*MA
T-565.52
PMambo Supermercado
LB1. Alimentacao-Drogaria-Vet:Mercado-Padaria-Vinhos
^
D20/12'2017
MBTP*UNICAR MARTELI03/03
T-733.34
PUnicar Martelinho
LG. Reembolsaveis:Despesas de Trabalho
^
D21/12'2017
MSTUDIO GEEK VL
T-89.90
POutros
LE1. Extraordinarias (Ongoing):Presentes
^
D21/12'2017
MTRACK E FIELD V LOBOS
T-109.00
POutros
LE1. Extraordinarias (Ongoing):Presentes
^
D22/12'2017
MHNA*OBOTICARIO 01/02
T-35.90
POutros
LE1. Extraordinarias (Ongoing):Presentes
^
D22/12'2017
MCARREFOUR-SHOP.ELDORAD
T-214.11
PSupermercado
LB1. Alimentacao-Drogaria-Vet:Mercado-Padaria-Vinhos
^
D22/12'2017
MPAG*MagicMirror
T-49.90
POutros
LE1. Extraordinarias (Ongoing):Residencia Moveis-Eletro-Servicos
^
D22/12'2017
MSARAIVA ELDORADO 40
T-21.90
PSaraiva
LB2. Educacao (Mensal):Livros-Material Escolar
^
D23/12'2017
MLEROY MERLIN RAPOS02/03
T-112.19
PLeroy Merlin
LE1. Extraordinarias (Ongoing):Reforma Vilas
^
D23/12'2017
MLEROY MERLIN TIETE02/05
T-109.96
PLeroy Merlin
LE1. Extraordinarias (Ongoing):Reforma Vilas
^
D23/12'2017
MCAMICADO 01/05
T-155.44
POutros
LE1. Extraordinarias (Ongoing):Residencia Moveis-Eletro-Servicos
^
D23/12'2017
MC C OSASCO
T-65.90
PC&C
LE1. Extraordinarias (Ongoing):Reforma Vilas
^
D23/12'2017
MC C OSASCO
T-79.67
PC&C
LE1. Extraordinarias (Ongoing):Reforma Vilas
^
D23/12'2017
MTUTTI FRUTTI FROZEN
T-10.79
PRestaurantes
LB1. Alimentacao-Drogaria-Vet:Mercado-Padaria-Vinhos
^
D23/12'2017
MZAFFARI LJ 25 BOURBON
T-124.28
PSupermercado
LB1. Alimentacao-Drogaria-Vet:Mercado-Padaria-Vinhos
^
D23/12'2017
MENGLISH CAMP 07/10
T-443.25
PEnglish Camp
LD. Viagens:Tkt-Hotel-Auto
^
D24/12'2017
MMASSAS RICCI
T-50.29
PRestaurantes
LC1. Lazer-Estetica-Vestuario-Celular:Restaurantes
^
D24/12'2017
MCENTAURO.COM* 01/03
T-25.00
POutros
LE1. Extraordinarias (Ongoing):Presentes
^
D25/12'2017
MC C OSASCO 03/05
T-113.95
PC&C
LE1. Extraordinarias (Ongoing):Reforma Vilas
^
D26/12'2017
MNIKE OUTLET 05/10
T-50.43
POutros
LC1. Lazer-Estetica-Vestuario-Celular:Vestuario Marina-Felipe
^
D26/12'2017
MLEROY MERLIN 01/06
T-132.84
PLeroy Merlin
LE1. Extraordinarias (Ongoing):Reforma Vilas
^
D26/12'2017
MBABBO GIOVANNI
T-149.84
PRestaurantes
LB1. Alimentacao-Drogaria-Vet:Mercado-Padaria-Vinhos
^
D26/12'2017
MRI HAPPY BRINQUEDO01/03
T-32.34
PRi Happy
LE1. Extraordinarias (Ongoing):Presentes
^
D27/12'2017
M4BIO MEDICAMENTOS
T0.02
POutros
LB. Outras Receitas:Ajustes
^
D27/12'2017
M4BIO MEDICAMENTOS 02/03
T-293.34
P4BIO
LE2. Extraordinarias (One Time):Medicos-Clinicas-Exames
^
D27/12'2017
MRESTAURANTE DA IMIGRAN
T-61.50
PRestaurantes
LB1. Alimentacao-Drogaria-Vet:Mercado-Padaria-Vinhos
^
D27/12'2017
MJOANE PAULA MELO ESPOS
T-119.90
POutros
LE2. Extraordinarias (One Time):Outras
^
D27/12'2017
MICE BY NICE SORVETERIA
T-15.00
PRestaurantes
LB1. Alimentacao-Drogaria-Vet:Mercado-Padaria-Vinhos
^
D27/12'2017
MDALMO
T-256.50
PRestaurantes
LB1. Alimentacao-Drogaria-Vet:Mercado-Padaria-Vinhos
^
D27/12'2017
MAUTOVAGAS JEQUITIMAR
T-16.50
PEstapar
LE1. Extraordinarias (Ongoing):Taxi-Estacionamento
^
D27/12'2017
MPANINI 01/05
T-32.54
PPanini
LE1. Extraordinarias (Ongoing):Assinaturas-Licencas
^
D28/12'2017
MANNE INTERIORES 03/04
T-401.64
PAnne Interiores
L[Residencia Lorian]
^
D28/12'2017
MLEROY MERLIN RAPOSO
T0.04
PLeroy Merlin
LB. Outras Receitas:Ajustes
^
D28/12'2017
MLEROY MERLIN RAPOS02/03
T-124.90
PLeroy Merlin
LE1. Extraordinarias (Ongoing):Reforma Vilas
^
D28/12'2017
MALCIDES PIZZARIA
T-192.00
PRestaurantes
LB1. Alimentacao-Drogaria-Vet:Mercado-Padaria-Vinhos
^
D28/12'2017
MGUARUJA E
T-33.18
PEstapar
LE1. Extraordinarias (Ongoing):Taxi-Estacionamento
^
D28/12'2017
MCOMPREBEM 1875 ENSEADA
T-69.72
PSupermercado
LB1. Alimentacao-Drogaria-Vet:Mercado-Padaria-Vinhos
^
D28/12'2017
MCENTAURO 46-ELDORA02/02
T-64.99
POutros
LC1. Lazer-Estetica-Vestuario-Celular:Vestuario Marina-Felipe
^
D29/12'2017
MP A 2432 PA JEQUITIMAR
T-143.87
PSupermercado
LB1. Alimentacao-Drogaria-Vet:Mercado-Padaria-Vinhos
^
D29/12'2017
MDALMO
T-115.00
PRestaurantes
LB1. Alimentacao-Drogaria-Vet:Mercado-Padaria-Vinhos
^
D30/12'2017
MEXTRA JAGUARE 1357
T-189.66
PExtra
LB1. Alimentacao-Drogaria-Vet:Mercado-Padaria-Vinhos
^
D30/12'2017
MPAO DO PARQUE
T-40.91
PPao do Parque
LB1. Alimentacao-Drogaria-Vet:Mercado-Padaria-Vinhos
^
D30/12'2017
MGME COMERCIO VAREJ
T-19.20
PSupermercado
LB1. Alimentacao-Drogaria-Vet:Mercado-Padaria-Vinhos
^
D30/12'2017
MBABBO GIOVANNI
T-110.23
PRestaurantes
LB1. Alimentacao-Drogaria-Vet:Mercado-Padaria-Vinhos
^
D31/12'2017
MLEROY MERLIN RAPOS06/06
T-383.25
PLeroy Merlin
LE1. Extraordinarias (Ongoing):Reforma Vilas
^
D31/12'2017
MFLORICULTURA PIERAMI
T-100.00
POutros
LE1. Extraordinarias (Ongoing):Residencia Moveis-Eletro-Servicos
^
D31/12'2017
MPRODUTOS E SERVICOS AU
T-36.00
POutros
LF. Automoveis:Combustivel-Lavagem-Oleo
^
D01/01'2018
MVILA ROMANA SUL NW06/06
T-121.65
PVila Romana
LC1. Lazer-Estetica-Vestuario-Celular:Vestuario Eduardo-Carla
^
D01/01'2018
MMUNDIAL CALCADOS L05/06
T-16.69
POutros
LC1. Lazer-Estetica-Vestuario-Celular:Vestuario Marina-Felipe
^
D02/01'2018
MPERS BLACK  3602-0104
T10,263.94
PMastercad Black
L[Itau Personnalité]
^
D02/01'2018
MBER ETNA 09/10
T-22.99
POutros
LE1. Extraordinarias (Ongoing):Residencia Moveis-Eletro-Servicos
^
D02/01'2018
MLEROY MERLIN 01/02
T-144.88
PLeroy Merlin
LE1. Extraordinarias (Ongoing):Reforma Vilas
^
D03/01'2018
MANGELA CALCADOS 14
T-34.99
POutros
LC1. Lazer-Estetica-Vestuario-Celular:Vestuario Marina-Felipe
^
D03/01'2018
M5 A SEC
T-25.00
PIG Lavanderia
LE1. Extraordinarias (Ongoing):Residencia Moveis-Eletro-Servicos
^
D03/01'2018
MCENTER CARNES
T-87.01
PSupermercado
LB1. Alimentacao-Drogaria-Vet:Mercado-Padaria-Vinhos
^
D03/01'2018
MFABIANA M B DUARTE PEI
T-38.22
PSupermercado
LB1. Alimentacao-Drogaria-Vet:Mercado-Padaria-Vinhos
^
D03/01'2018
MPAO DO PARQUE II
T-10.12
PPao do Parque
LB1. Alimentacao-Drogaria-Vet:Mercado-Padaria-Vinhos
^
D03/01'2018
MBLACK TIME
T-450.00
POutros
LE2. Extraordinarias (One Time):Outras
^
D03/01'2018
M1087 - GRSA GRSA CLARI
T-14.55
PRestaurantes
LC1. Lazer-Estetica-Vestuario-Celular:Restaurantes
^
D04/01'2018
MMERCADO SAO FRANCISCO
T-28.58
PSupermercado
LB1. Alimentacao-Drogaria-Vet:Mercado-Padaria-Vinhos
^
D04/01'2018
M1087 - GRSA GRSA CLARI
T-11.30
PRestaurantes
LC1. Lazer-Estetica-Vestuario-Celular:Restaurantes
^
D04/01'2018
M1087 - GRSA GRSA CLARI
T-8.20
PRestaurantes
LC1. Lazer-Estetica-Vestuario-Celular:Restaurantes
^
D04/01'2018
MENGLISH CAMP 01/10
T-488.40
PEnglish Camp
LD. Viagens:Tkt-Hotel-Auto
^
D05/01'2018
MREI DO RODAPE COME01/05
T-191.66
PRei do Rodape
LE1. Extraordinarias (Ongoing):Reforma Vilas
^
D05/01'2018
MSUPER GRILL EXP GUARU
T-26.92
PRestaurantes
LB1. Alimentacao-Drogaria-Vet:Mercado-Padaria-Vinhos
^
D06/01'2018
M5 A SEC
T-89.00
PIG Lavanderia
LE1. Extraordinarias (Ongoing):Residencia Moveis-Eletro-Servicos
^
D06/01'2018
MPAO DO PARQUE II
T-11.42
PPao do Parque
LB1. Alimentacao-Drogaria-Vet:Mercado-Padaria-Vinhos
^
D06/01'2018
MSODIE DOCES VL LAGEA
T-10.73
PRestaurantes
LC1. Lazer-Estetica-Vestuario-Celular:Restaurantes
^
D07/01'2018
MRAIA DROGASIL 547 02/02
T-70.10
PDrogaria
LB1. Alimentacao-Drogaria-Vet:Drogaria
^
D08/01'2018
M1087 - GRSA GRSA CLARI
T-13.15
PRestaurantes
LC1. Lazer-Estetica-Vestuario-Celular:Restaurantes
^
D08/01'2018
M1087 - GRSA GRSA CLARI
T-3.15
PRestaurantes
LC1. Lazer-Estetica-Vestuario-Celular:Restaurantes
^
D09/01'2018
MCLINICA MEDICA GIOVANA
T-210.00
PClinica Medica Giovana
LC1. Lazer-Estetica-Vestuario-Celular:Estetica-Massagem
^
D09/01'2018
MVG PARK
T-20.00
PEstapar
LC1. Lazer-Estetica-Vestuario-Celular:Vestuario Marina-Felipe
^
D10/01'2018
MGILBERTO DE MELLO 03/03
T-233.34
POutros
LC1. Lazer-Estetica-Vestuario-Celular:Estetica-Massagem
^
D13/01'2018
MSWAROVSKI 03/04
T-124.75
POutros
LE1. Extraordinarias (Ongoing):Presentes
^
D13/01'2018
MEXTRA JAGUARE 1357
T-187.20
PExtra
LB1. Alimentacao-Drogaria-Vet:Mercado-Padaria-Vinhos
^
D13/01'2018
MVILA ROMANA MORUMBI
T-139.90
PVila Romana
LC1. Lazer-Estetica-Vestuario-Celular:Vestuario Eduardo-Carla
^
D13/01'2018
MCLEBER CABOLA ROMANO FLORES
T-60.00
POutros
LE1. Extraordinarias (Ongoing):Residencia Moveis-Eletro-Servicos
^
D14/01'2018
MCENTER CARNES
T-60.06
PSupermercado
LB1. Alimentacao-Drogaria-Vet:Mercado-Padaria-Vinhos
^
D14/01'2018
MFABIANA M B DUARTE PEI
T-40.56
PSupermercado
LB1. Alimentacao-Drogaria-Vet:Mercado-Padaria-Vinhos
^
D15/01'2018
M1087 - GRSA GRSA CLARI
T-9.30
PRestaurantes
LC1. Lazer-Estetica-Vestuario-Celular:Restaurantes
^
D15/01'2018
MSUBMARINO MARKETPLACE
T5.12
PSubmarino
LB. Outras Receitas:Devolucao - Pagto Emprestimo
^
D15/01'2018
MSUBMARINO MARKETPLACE
T5.13
PSubmarino
LB. Outras Receitas:Devolucao - Pagto Emprestimo
^
D16/01'2018
MMADERO IFLY SP
T-40.00
PRestaurantes
LC1. Lazer-Estetica-Vestuario-Celular:Restaurantes
^
D17/01'2018
ML B PINTO PROD ART03/04
T-397.50
POutros
LE1. Extraordinarias (Ongoing):Residencia Moveis-Eletro-Servicos
^
D17/01'2018
MDERMA SKIN 04/04
T-725.00
POutros
LC1. Lazer-Estetica-Vestuario-Celular:Estetica-Massagem
^
D18/01'2018
MANNE INTERIORES 03/03
T-308.10
PAnne Interiores
L[Residencia Lorian]
^
D22/01'2018
MHNA*OBOTICARIO 02/02
T-35.90
POutros
LE1. Extraordinarias (Ongoing):Presentes
^
D22/01'2018
MPATA NEGRA
T-65.43
PAçougue
LB1. Alimentacao-Drogaria-Vet:Mercado-Padaria-Vinhos
^
D22/01'2018
MLEROY MERLIN MORUM01/02
T-135.94
PLeroy Merlin
LE1. Extraordinarias (Ongoing):Reforma Vilas
^
D22/01'2018
MPAO DO PARQUE II
T-16.66
PPao do Parque
LB1. Alimentacao-Drogaria-Vet:Mercado-Padaria-Vinhos
^
D22/01'2018
MPOSTO EXTRA R JAFET262
T-191.37
PCombustível
LF. Automoveis:Combustivel-Lavagem-Oleo
^
D23/01'2018
MLEROY MERLIN RAPOS03/03
T-112.19
PLeroy Merlin
LE1. Extraordinarias (Ongoing):Reforma Vilas
^
D23/01'2018
MLEROY MERLIN TIETE03/05
T-109.96
PLeroy Merlin
LE1. Extraordinarias (Ongoing):Reforma Vilas
^
D23/01'2018
MCAMICADO 02/05
T-155.44
POutros
LE1. Extraordinarias (Ongoing):Residencia Moveis-Eletro-Servicos
^
D23/01'2018
MMINA PIZZA
T-22.69
PRestaurantes
LC1. Lazer-Estetica-Vestuario-Celular:Restaurantes
^
D23/01'2018
MTEA HUB
T-13.90
PRestaurantes
LC1. Lazer-Estetica-Vestuario-Celular:Restaurantes
^
D23/01'2018
MLJ0013 BACIO DI LATTE
T-30.00
PRestaurantes
LC1. Lazer-Estetica-Vestuario-Celular:Restaurantes
^
D23/01'2018
MENGLISH CAMP 08/10
T-443.25
PEnglish Camp
LD. Viagens:Tkt-Hotel-Auto
^
D24/01'2018
MBUR DOG
T-136.95
PRestaurantes
LC1. Lazer-Estetica-Vestuario-Celular:Restaurantes
^
D24/01'2018
MCENTAURO.COM* 02/03
T-25.00
POutros
LE1. Extraordinarias (Ongoing):Presentes
^
D24/01'2018
MCENTAURO.COM*
T0.02
POutros
LB. Outras Receitas:Ajustes
^
D25/01'2018
MC C OSASCO 04/05
T-113.95
PC&C
LE1. Extraordinarias (Ongoing):Reforma Vilas
^
D25/01'2018
MPAG*Luisexpress
T-80.00
POutros
LC1. Lazer-Estetica-Vestuario-Celular:Estetica-Massagem
^
D25/01'2018
MBABBO GIOVANNI
T-194.40
PRestaurantes
LC1. Lazer-Estetica-Vestuario-Celular:Restaurantes
^
D25/01'2018
MEXTRA JAGUARE 1357
T-180.46
PExtra
LB1. Alimentacao-Drogaria-Vet:Mercado-Padaria-Vinhos
^
D26/01'2018
MNIKE OUTLET 06/10
T-50.43
POutros
LC1. Lazer-Estetica-Vestuario-Celular:Vestuario Marina-Felipe
^
D26/01'2018
MLEROY MERLIN 02/06
T-132.84
PLeroy Merlin
LE1. Extraordinarias (Ongoing):Reforma Vilas
^
D26/01'2018
MRI HAPPY BRINQUEDO02/03
T-32.34
PRi Happy
LE1. Extraordinarias (Ongoing):Presentes
^
D26/01'2018
MRI HAPPY BRINQUEDOS
T0.04
PRi Happy
LB. Outras Receitas:Ajustes
^
D27/01'2018
M4BIO MEDICAMENTOS 03/03
T-293.34
PDrogaria
LB1. Alimentacao-Drogaria-Vet:Drogaria
^
D27/01'2018
MPETZ JAGUARE
T-30.98
POutros
LE1. Extraordinarias (Ongoing):Residencia Moveis-Eletro-Servicos
^
D27/01'2018
MEL CAMINO FOODS S.A.
T-194.39
PRestaurantes
LC1. Lazer-Estetica-Vestuario-Celular:Restaurantes
^
D27/01'2018
MESPACO VILA GOUMERT
T-115.74
PRestaurantes
LC1. Lazer-Estetica-Vestuario-Celular:Restaurantes
^
D27/01'2018
MPANINI 02/05
T-32.54
PPanini
LE1. Extraordinarias (Ongoing):Assinaturas-Licencas
^
D28/01'2018
MANNE INTERIORES 04/04
T-401.64
PAnne Interiores
L[Residencia Lorian]
^
D28/01'2018
MLEROY MERLIN RAPOS03/03
T-124.90
PLeroy Merlin
LE1. Extraordinarias (Ongoing):Reforma Vilas
^
D01/02'2018
MPERS BLACK  3602-0104
T11,857.06
PMastercad Black
L[Itau Personnalité]
^
D01/02'2018
MMUNDIAL CALCADOS L06/06
T-16.69
POutros
LC1. Lazer-Estetica-Vestuario-Celular:Vestuario Marina-Felipe
^
D01/02'2018
MTUHU
T-29.47
PTuhu
LC1. Lazer-Estetica-Vestuario-Celular:Restaurantes
^
D01/02'2018
MMUNDO VERDE
T-5.50
POutros
LE1. Extraordinarias (Ongoing):Residencia Moveis-Eletro-Servicos
^
D02/02'2018
MBER ETNA 10/10
T-22.99
POutros
LE1. Extraordinarias (Ongoing):Residencia Moveis-Eletro-Servicos
^
D02/02'2018
MLEROY MERLIN 02/02
T-144.88
PLeroy Merlin
LE1. Extraordinarias (Ongoing):Reforma Vilas
^
D02/02'2018
MLEROY MERLIN
T0.01
PLeroy Merlin
LB. Outras Receitas:Ajustes
^
D03/02'2018
MINGRESSO.COM
T-89.54
PIngresso
LC1. Lazer-Estetica-Vestuario-Celular:Cinema-Locadora-Esportes-Diversao
^
D03/02'2018
MMARIA ANGELINA STOCKLE
T-89.90
POutros
LC1. Lazer-Estetica-Vestuario-Celular:Estetica-Massagem
^
D03/02'2018
MPRODUTOS E SERVICOS AU
T-50.00
POutros
LC1. Lazer-Estetica-Vestuario-Celular:Estetica-Massagem
^
D04/02'2018
MENGLISH CAMP 02/10
T-488.40
PEnglish Camp
LD. Viagens:Tkt-Hotel-Auto
^
D05/02'2018
MREI DO RODAPE COME02/05
T-191.66
PRei do Rodape
LE1. Extraordinarias (Ongoing):Reforma Vilas
^
D05/02'2018
MREI DO RODAPE COMERCIO
T0.16
PRei do Rodape
LB. Outras Receitas:Ajustes
^
D05/02'2018
M1087 - GRSA GRSA CLARI
T-13.25
PRestaurantes
LC1. Lazer-Estetica-Vestuario-Celular:Restaurantes
^
D06/02'2018
MSARAIVA COM 03/10
T-96.49
PSaraiva
LB2. Educacao (Mensal):Livros-Material Escolar
^
D06/02'2018
MSOMBRANCELHAS DESING
T-65.00
POutros
LC1. Lazer-Estetica-Vestuario-Celular:Estetica-Massagem
^
D06/02'2018
MMUNDO VERDE PANAMBY
T-13.20
PRestaurantes
LC1. Lazer-Estetica-Vestuario-Celular:Restaurantes
^
D06/02'2018
MCAFE DA PRACA COM LTDA
T-9.40
PRestaurantes
LC1. Lazer-Estetica-Vestuario-Celular:Restaurantes
^
D06/02'2018
M1087 - GRSA GRSA CLARI
T-4.75
PRestaurantes
LC1. Lazer-Estetica-Vestuario-Celular:Restaurantes
^
D06/02'2018
MAMARAL PRODUCOES
T-210.00
POutros
LC1. Lazer-Estetica-Vestuario-Celular:Estetica-Massagem
^
D08/02'2018
MZEKA CABELEREIRO
T-145.00
PZeka Cabelereiro
LC1. Lazer-Estetica-Vestuario-Celular:Estetica-Massagem
^
D09/02'2018
MDROGA RAIA F106 03/03
T-42.21
PDrogaria
LB1. Alimentacao-Drogaria-Vet:Drogaria
^
D09/02'2018
MTORINO COMERCIO DE ALI
T-101.70
PSupermercado
LB1. Alimentacao-Drogaria-Vet:Mercado-Padaria-Vinhos
^
D09/02'2018
MINTIMISSIMI 01/02
T-62.25
PIntimissimi
LC1. Lazer-Estetica-Vestuario-Celular:Vestuario Eduardo-Carla
^
D10/02'2018
MDRL PAES E DOCES LTDA
T-293.54
PRestaurantes
LC1. Lazer-Estetica-Vestuario-Celular:Restaurantes
^
D10/02'2018
MC S VENEZA LTDA
T-199.60
PCombustível
LF. Automoveis:Combustivel-Lavagem-Oleo
^
D10/02'2018
M5 A SEC
T-62.00
PIG Lavanderia
LE1. Extraordinarias (Ongoing):Residencia Moveis-Eletro-Servicos
^
D10/02'2018
MJACQUES JANINE V SAO F
T-33.00
POutros
LC1. Lazer-Estetica-Vestuario-Celular:Estetica-Massagem
^
D11/02'2018
MMULTI CENTER COMER03/04
T-141.13
POutros
LB2. Educacao (Mensal):Livros-Material Escolar
^
D11/02'2018
MPATA NEGRA
T-216.82
PAçougue
LB1. Alimentacao-Drogaria-Vet:Mercado-Padaria-Vinhos
^
D11/02'2018
MFRUTARIA COLLINAS
T-28.29
PSupermercado
LB1. Alimentacao-Drogaria-Vet:Mercado-Padaria-Vinhos
^
D11/02'2018
MPAO DO PARQUE II
T-40.18
PPao do Parque
LB1. Alimentacao-Drogaria-Vet:Mercado-Padaria-Vinhos
^
D11/02'2018
C*
MPAO DO PARQUE II
T-31.20
PPao do Parque
LB1. Alimentacao-Drogaria-Vet:Mercado-Padaria-Vinhos
^
D12/02'2018
MSUBMARINO MARKETPL03/06
T-11.16
PSubmarino
LB2. Educacao (Mensal):Livros-Material Escolar
^
D12/02'2018
MSUBMARINO MARKETPL03/03
T-12.16
PSubmarino
LB2. Educacao (Mensal):Livros-Material Escolar
^
D13/02'2018
MSWAROVSKI 04/04
T-124.75
POutros
LE1. Extraordinarias (Ongoing):Presentes
^
D13/02'2018
MNUTRICENTRAL CENTER VA
T-10.75
PSupermercado
LB1. Alimentacao-Drogaria-Vet:Mercado-Padaria-Vinhos
^
D13/02'2018
MAPPLEBEE S
T-199.52
PRestaurantes
LC1. Lazer-Estetica-Vestuario-Celular:Restaurantes
^
D13/02'2018
MANTE SALA CAFE
T-5.50
PRestaurantes
LC1. Lazer-Estetica-Vestuario-Celular:Restaurantes
^
D13/02'2018
MLIVRO FACIL 03/10
T-40.42
PLivro Facil
LB2. Educacao (Mensal):Livros-Material Escolar
^
D14/02'2018
MCAST UNIFORMES
T-229.00
POutros
LC1. Lazer-Estetica-Vestuario-Celular:Vestuario Eduardo-Carla
^
D14/02'2018
MZEKA CABELEREIRO
T-70.00
PZeka Cabelereiro
LC1. Lazer-Estetica-Vestuario-Celular:Estetica-Massagem
^
D15/02'2018
MTORINO COMERCIO DE ALI
T-58.00
PSupermercado
LB1. Alimentacao-Drogaria-Vet:Mercado-Padaria-Vinhos
^
D15/02'2018
M1087 - GRSA GRSA CLARI
T-2.70
PRestaurantes
LC1. Lazer-Estetica-Vestuario-Celular:Restaurantes
^
D15/02'2018
MSUBMARINO MARKETPLACE
T5.12
PSubmarino
LB. Outras Receitas:Devolucao - Pagto Emprestimo
^
D16/02'2018
MTUHU RESTAURANTE
T-23.52
PTuhu
LC1. Lazer-Estetica-Vestuario-Celular:Restaurantes
^
D17/02'2018
ML B PINTO PROD ART04/04
T-397.50
POutros
LE1. Extraordinarias (Ongoing):Residencia Moveis-Eletro-Servicos
^
D19/02'2018
MCIA MARITIMA 02/02
T-99.00
POutros
LC1. Lazer-Estetica-Vestuario-Celular:Vestuario Eduardo-Carla
^
D20/02'2018
MCIA MARITIMA 02/03
T-124.68
POutros
LC1. Lazer-Estetica-Vestuario-Celular:Vestuario Eduardo-Carla
^
D20/02'2018
MPAO DE ACUCAR LJ 1207
T-125.73
PPao de Açucar
LB1. Alimentacao-Drogaria-Vet:Mercado-Padaria-Vinhos
^
D20/02'2018
MCHINA LAKE RESTAURANTE
T-199.10
PRestaurantes
LC1. Lazer-Estetica-Vestuario-Celular:Restaurantes
^
D20/02'2018
MLJ0007 SHOP MORUMBI SP
T-53.00
PExtra
LB1. Alimentacao-Drogaria-Vet:Mercado-Padaria-Vinhos
^
D21/02'2018
MPAG*NovaVila
T-20.90
PRestaurantes
LC1. Lazer-Estetica-Vestuario-Celular:Restaurantes
^
D21/02'2018
MDISTRIBUIDORA DE HORTI
T-81.56
POutros
LB1. Alimentacao-Drogaria-Vet:Mercado-Padaria-Vinhos
^
D21/02'2018
MDROGA RAIA F106 01/02
T-65.80
PDrogaria
LB1. Alimentacao-Drogaria-Vet:Drogaria
^
D22/02'2018
MLEROY MERLIN MORUM02/02
T-135.94
PLeroy Merlin
LE1. Extraordinarias (Ongoing):Reforma Vilas
^
D22/02'2018
MLEROY MERLIN MORUMBI
T0.01
PLeroy Merlin
LB. Outras Receitas:Ajustes
^
D22/02'2018
MC S VENEZA LTDA
T-229.37
PCombustível
LF. Automoveis:Combustivel-Lavagem-Oleo
^
D22/02'2018
MMCM CAFE BAR
T-40.00
PRestaurantes
LC1. Lazer-Estetica-Vestuario-Celular:Restaurantes
^
D23/02'2018
MLEROY MERLIN TIETE04/05
T-109.96
PLeroy Merlin
LE1. Extraordinarias (Ongoing):Reforma Vilas
^
D23/02'2018
MCAMICADO 03/05
T-155.44
POutros
LE1. Extraordinarias (Ongoing):Residencia Moveis-Eletro-Servicos
^
D23/02'2018
MDISTRIBUIDORA DE HORTI
T-39.25
PSupermercado
LB1. Alimentacao-Drogaria-Vet:Mercado-Padaria-Vinhos
^
D23/02'2018
MPATA NEGRA
T-13.59
PAçougue
LB1. Alimentacao-Drogaria-Vet:Mercado-Padaria-Vinhos
^
D23/02'2018
MESPACO VILA GOUMERT
T-21.90
PRestaurantes
LC1. Lazer-Estetica-Vestuario-Celular:Restaurantes
^
D23/02'2018
MPEROLA DO PERI PERI
T-82.70
PRestaurantes
LC1. Lazer-Estetica-Vestuario-Celular:Restaurantes
^
D23/02'2018
MPEIXARIA APINAJER
T-51.00
PSupermercado
LB1. Alimentacao-Drogaria-Vet:Mercado-Padaria-Vinhos
^
D23/02'2018
MCOBASI BUTANTA
T-31.90
POutros
LE1. Extraordinarias (Ongoing):Residencia Moveis-Eletro-Servicos
^
D23/02'2018
M1087 - GRSA GRSA CLARI
T-3.60
PRestaurantes
LC1. Lazer-Estetica-Vestuario-Celular:Restaurantes
^
D23/02'2018
MPORTAL DO PARAISO POST
T-100.00
PRestaurantes
LC1. Lazer-Estetica-Vestuario-Celular:Restaurantes
^
D23/02'2018
MENGLISH CAMP 09/10
T-443.25
PEnglish Camp
LD. Viagens:Tkt-Hotel-Auto
^
D24/02'2018
MCENTAURO.COM* 03/03
T-25.00
POutros
LE2. Extraordinarias (One Time):Outras
^
D25/02'2018
MC C OSASCO 05/05
T-113.95
PC&C
LE1. Extraordinarias (Ongoing):Reforma Vilas
^
D25/02'2018
MMC DONALDS-SEL
T-8.90
PRestaurantes
LC1. Lazer-Estetica-Vestuario-Celular:Restaurantes
^
D25/02'2018
MCARREFOUR-SHOP.ELDORAD
T-187.55
PSupermercado
LB1. Alimentacao-Drogaria-Vet:Mercado-Padaria-Vinhos
^
D25/02'2018
MPBKIDS BRINQUEDOS 01/02
T-80.00
POutros
LE1. Extraordinarias (Ongoing):Presentes
^
D25/02'2018
MMAMBO DELIVERY
T-531.08
PMambo Supermercado
LB1. Alimentacao-Drogaria-Vet:Mercado-Padaria-Vinhos
^
D25/02'2018
MOFNER-SHOP.ELDORADO
T-18.90
PRestaurantes
LC1. Lazer-Estetica-Vestuario-Celular:Restaurantes
^
D25/02'2018
MSUBWAY ELDORADO
T-26.00
PRestaurantes
LC1. Lazer-Estetica-Vestuario-Celular:Restaurantes
^
D25/02'2018
MFRUTAH SIMPLES NATURA
T-16.00
PRestaurantes
LC1. Lazer-Estetica-Vestuario-Celular:Restaurantes
^
D26/02'2018
MNIKE OUTLET 07/10
T-50.43
POutros
LC1. Lazer-Estetica-Vestuario-Celular:Vestuario Marina-Felipe
^
D26/02'2018
MLEROY MERLIN 03/06
T-132.84
PLeroy Merlin
LE1. Extraordinarias (Ongoing):Reforma Vilas
^
D26/02'2018
MRESTAURANTE DUGOIS
T-30.19
PRestaurantes
LC1. Lazer-Estetica-Vestuario-Celular:Restaurantes
^
D26/02'2018
MRI HAPPY BRINQUEDO03/03
T-32.34
PRi Happy
LE1. Extraordinarias (Ongoing):Presentes
^
D27/02'2018
M1087 - GRSA GRSA CLARI
T-11.35
PRestaurantes
LC1. Lazer-Estetica-Vestuario-Celular:Restaurantes
^
D27/02'2018
MALESAT AUTO POSTO JULE
T-100.00
PCombustível
LF. Automoveis:Combustivel-Lavagem-Oleo
^
D27/02'2018
MDROGARIA SAO PAULO
T-55.05
PDrogaria
LB1. Alimentacao-Drogaria-Vet:Drogaria
^
D27/02'2018
MPANINI 03/05
T-32.54
PPanini
LE1. Extraordinarias (Ongoing):Assinaturas-Licencas
^
D28/02'2018
MESTAPAR PEIXOTO GOMIDE
T-15.40
PEstapar
LE1. Extraordinarias (Ongoing):Taxi-Estacionamento
^
D28/02'2018
MPAG*Estafacil
T-13.00
PEstapar
LE1. Extraordinarias (Ongoing):Taxi-Estacionamento
^
D28/02'2018
MCICLO DE VIDA 1.
T-1,600.00
PMarcelo Silber
LG. Reembolsaveis:Medicos-Clinicas-Exames
^
D28/02'2018
MEXTRA POSTO 2725 JAGUA
T-169.59
PCombustível
LF. Automoveis:Combustivel-Lavagem-Oleo
^
D28/02'2018
MBUR DOG
T-121.66
PRestaurantes
LC1. Lazer-Estetica-Vestuario-Celular:Restaurantes
^
D28/02'2018
M1087 - GRSA GRSA CLARI
T-12.60
PRestaurantes
LC1. Lazer-Estetica-Vestuario-Celular:Restaurantes
^
D28/02'2018
M1087 - GRSA GRSA CLARI
T-8.45
PRestaurantes
LC1. Lazer-Estetica-Vestuario-Celular:Restaurantes
^
D01/03'2018
MPERS BLACK  3602-0104
T8,191.81
PMastercad Black
L[Itau Personnalité]
^
D01/03'2018
MTUHU
T-27.55
PTuhu
LC1. Lazer-Estetica-Vestuario-Celular:Restaurantes
^
D01/03'2018
M1087 - GRSA GRSA CLARI
T-10.10
PRestaurantes
LC1. Lazer-Estetica-Vestuario-Celular:Restaurantes
^
D02/03'2018
MCALFER PARTICIPACOES E
T-29.90
POutros
LC1. Lazer-Estetica-Vestuario-Celular:Estetica-Massagem
^
D02/03'2018
MOUTBACK BZ 33 VILA LOB
T-106.43
PRestaurantes
LC1. Lazer-Estetica-Vestuario-Celular:Restaurantes
^
D03/03'2018
MH D FRANGOS LTDA ME
T-54.50
PSupermercado
LB1. Alimentacao-Drogaria-Vet:Mercado-Padaria-Vinhos
^
D03/03'2018
MCIA NORTE
T-42.38
POutros
LE2. Extraordinarias (One Time):Outras
^
D03/03'2018
MENTREPOSTO DAS FEIJOAD
T-58.83
PRestaurantes
LC1. Lazer-Estetica-Vestuario-Celular:Restaurantes
^
D03/03'2018
MLATICINIOS GUAREI LTDA
T-59.00
PSupermercado
LB1. Alimentacao-Drogaria-Vet:Mercado-Padaria-Vinhos
^
D03/03'2018
MMERCEARIA RABELLO
T-15.40
PSupermercado
LB1. Alimentacao-Drogaria-Vet:Mercado-Padaria-Vinhos
^
D03/03'2018
MPEG PESE
T-113.29
PSupermercado
LB1. Alimentacao-Drogaria-Vet:Mercado-Padaria-Vinhos
^
D03/03'2018
MRAINHA DO MERCADO
T-132.55
PSupermercado
LB1. Alimentacao-Drogaria-Vet:Mercado-Padaria-Vinhos
^
D03/03'2018
MARMAZEM SAO PAULO
T-19.21
PSupermercado
LB1. Alimentacao-Drogaria-Vet:Mercado-Padaria-Vinhos
^
D04/03'2018
MENGLISH CAMP 03/10
T-488.40
PEnglish Camp
LD. Viagens:Tkt-Hotel-Auto
^
D05/03'2018
MREI DO RODAPE COME03/05
T-191.66
PRei do Rodape
LE1. Extraordinarias (Ongoing):Reforma Vilas
^
D05/03'2018
MCARREFOUR 250 SPV LOBO
T-94.86
PSupermercado
LB1. Alimentacao-Drogaria-Vet:Mercado-Padaria-Vinhos
^
D05/03'2018
MBOM BOCADO RESTAURANTE
T-33.63
PRestaurantes
LC1. Lazer-Estetica-Vestuario-Celular:Restaurantes
^
D06/03'2018
MSARAIVA COM 04/10
T-96.49
PSaraiva
LB2. Educacao (Mensal):Livros-Material Escolar
^
D06/03'2018
MINTIMISSIMI 01/02
T-62.25
PIntimissimi
LC1. Lazer-Estetica-Vestuario-Celular:Vestuario Eduardo-Carla
^
D06/03'2018
MICO ESTACIONAMENTOS
T-26.00
PEstapar
LE1. Extraordinarias (Ongoing):Taxi-Estacionamento
^
D06/03'2018
MVILLA BELA BIJUTERIAS
T-79.90
POutros
LE1. Extraordinarias (Ongoing):Presentes
^
D06/03'2018
MSPICY VILLA LOBOS 01/02
T-99.50
POutros
LE1. Extraordinarias (Ongoing):Presentes
^
D07/03'2018
M1087 - GRSA GRSA CLARI
T-10.45
PRestaurantes
LC1. Lazer-Estetica-Vestuario-Celular:Restaurantes
^
D08/03'2018
MEXTRA POSTO 2725 JAGUA
T-179.12
PCombustível
LF. Automoveis:Combustivel-Lavagem-Oleo
^
D08/03'2018
MTUHU
T-25.27
PTuhu
LC1. Lazer-Estetica-Vestuario-Celular:Restaurantes
^
D09/03'2018
MINTIMISSIMI 02/02
T-62.25
PIntimissimi
LC1. Lazer-Estetica-Vestuario-Celular:Vestuario Eduardo-Carla
^
D09/03'2018
MPETZ JAGUARE
T-159.41
POutros
LE1. Extraordinarias (Ongoing):Residencia Moveis-Eletro-Servicos
^
D09/03'2018
M1087 - GRSA GRSA CLARI
T-10.05
PRestaurantes
LC1. Lazer-Estetica-Vestuario-Celular:Restaurantes
^
D09/03'2018
MELISEU AUTO POSTO
T-100.00
PCombustível
LF. Automoveis:Combustivel-Lavagem-Oleo
^
D10/03'2018
MZEKA CABELEREIRO
T-783.00
PZeka Cabelereiro
LC1. Lazer-Estetica-Vestuario-Celular:Estetica-Massagem
^
D10/03'2018
MDUE CUOCHI-C.JARDIM
T-500.59
PRestaurantes
LC1. Lazer-Estetica-Vestuario-Celular:Restaurantes
^
D11/03'2018
MMULTI CENTER COMER04/04
T-141.13
POutros
LB2. Educacao (Mensal):Livros-Material Escolar
^
D11/03'2018
MDROGA RAIA F313
T-26.68
PDrogaria
LB1. Alimentacao-Drogaria-Vet:Drogaria
^
D12/03'2018
MSUBMARINO MARKETPL04/06
T-11.16
PSubmarino
LB2. Educacao (Mensal):Livros-Material Escolar
^
D13/03'2018
MCARREFOUR 250 SPV LOBO
T-42.92
PSupermercado
LB1. Alimentacao-Drogaria-Vet:Mercado-Padaria-Vinhos
^
D13/03'2018
MAMERICA VILLA LOBOS
T-58.31
PRestaurantes
LC1. Lazer-Estetica-Vestuario-Celular:Restaurantes
^
D13/03'2018
MDECATHLON VL LEOPOLDIN
T-199.95
PDecathlon
LC1. Lazer-Estetica-Vestuario-Celular:Vestuario Eduardo-Carla
^
D13/03'2018
MBACIO DILATTD GELATERI
T-36.00
PRestaurantes
LC1. Lazer-Estetica-Vestuario-Celular:Restaurantes
^
D13/03'2018
MLIVRO FACIL 04/10
T-40.42
PLivro Facil
LB2. Educacao (Mensal):Livros-Material Escolar
^
D15/03'2018
MFRUTARIA COLLINAS
T-78.11
PSupermercado
LB1. Alimentacao-Drogaria-Vet:Mercado-Padaria-Vinhos
^
D15/03'2018
MESPACO VILA GOUMERT
T-27.09
PRestaurantes
LC1. Lazer-Estetica-Vestuario-Celular:Restaurantes
^
D15/03'2018
MIZ*KARINA PRIETO FERNA
T-6.00
POutros
LC1. Lazer-Estetica-Vestuario-Celular:Estetica-Massagem
^
D15/03'2018
MSUBMARINO MARKETPLACE
T5.12
PSubmarino
LB. Outras Receitas:Devolucao - Pagto Emprestimo
^
D16/03'2018
MEXTRA POSTO 2725 JAGUA
T-191.14
PCombustível
LF. Automoveis:Combustivel-Lavagem-Oleo
^
D16/03'2018
MTUHU
T-29.47
PTuhu
LC1. Lazer-Estetica-Vestuario-Celular:Restaurantes
^
D17/03'2018
MPAO DO PARQUE
T-65.76
PPao do Parque
LB1. Alimentacao-Drogaria-Vet:Mercado-Padaria-Vinhos
^
D17/03'2018
MCM FORNERIA EIRELI
T-255.09
PRestaurantes
LC1. Lazer-Estetica-Vestuario-Celular:Restaurantes
^
D17/03'2018
MPAO DO PARQUE II
T-15.98
PPao do Parque
LB1. Alimentacao-Drogaria-Vet:Mercado-Padaria-Vinhos
^
D17/03'2018
MPATA NEGRA
T-128.14
PAçougue
LB1. Alimentacao-Drogaria-Vet:Mercado-Padaria-Vinhos
^
D17/03'2018
MC S VENEZA LTDA
T-207.04
PCombustível
LF. Automoveis:Combustivel-Lavagem-Oleo
^
D17/03'2018
MBABBO GIOVANNI
T-92.26
PRestaurantes
LC1. Lazer-Estetica-Vestuario-Celular:Restaurantes
^
D17/03'2018
MMERCEARIA SAO FRANCISC
T-18.26
POutros
LB1. Alimentacao-Drogaria-Vet:Mercado-Padaria-Vinhos
^
D18/03'2018
MPAO DO PARQUE
T-37.64
PPao do Parque
LB1. Alimentacao-Drogaria-Vet:Mercado-Padaria-Vinhos
^
D19/03'2018
MLE JARDIN RESTAURANT
T-41.63
PRestaurantes
LC1. Lazer-Estetica-Vestuario-Celular:Restaurantes
^
D19/03'2018
MRESTAURANTE DUGOIS
T-23.46
PRestaurantes
LC1. Lazer-Estetica-Vestuario-Celular:Restaurantes
^
D19/03'2018
M1087 - GRSA GRSA CLARI
T-13.55
PRestaurantes
LC1. Lazer-Estetica-Vestuario-Celular:Restaurantes
^
D20/03'2018
MCIA MARITIMA 03/03
T-124.68
POutros
LC1. Lazer-Estetica-Vestuario-Celular:Vestuario Eduardo-Carla
^
D20/03'2018
MREI DA CUTELARIA 01/06
T-84.70
POutros
LE2. Extraordinarias (One Time):Outras
^
D20/03'2018
MCACAU SHOW
T-8.00
PRestaurantes
LC1. Lazer-Estetica-Vestuario-Celular:Restaurantes
^
D20/03'2018
MLE JARDIN RESTAURANT
T-37.48
PRestaurantes
LC1. Lazer-Estetica-Vestuario-Celular:Restaurantes
^
D20/03'2018
M1087 - GRSA GRSA CLARI
T-17.70
PRestaurantes
LC1. Lazer-Estetica-Vestuario-Celular:Restaurantes
^
D21/03'2018
MDROGA RAIA F106 02/02
T-65.80
PDrogaria
LB1. Alimentacao-Drogaria-Vet:Drogaria
^
D23/03'2018
MLEROY MERLIN TIETE05/05
T-109.96
PLeroy Merlin
LE1. Extraordinarias (Ongoing):Reforma Vilas
^
D23/03'2018
MCAMICADO 04/05
T-155.44
POutros
LE1. Extraordinarias (Ongoing):Residencia Moveis-Eletro-Servicos
^
D23/03'2018
MESPACO VILA GOUMERT
T-50.54
PRestaurantes
LC1. Lazer-Estetica-Vestuario-Celular:Restaurantes
^
D23/03'2018
MPAO DO PARQUE II
T-22.73
PPao do Parque
LB1. Alimentacao-Drogaria-Vet:Mercado-Padaria-Vinhos
^
D23/03'2018
MENGLISH CAMP 10/10
T-443.25
PEnglish Camp
LD. Viagens:Tkt-Hotel-Auto
^
D24/03'2018
MBURGER BROS
T-176.44
PRestaurantes
LC1. Lazer-Estetica-Vestuario-Celular:Restaurantes
^
D24/03'2018
MFRUTARIA COLLINAS
T-35.18
PSupermercado
LB1. Alimentacao-Drogaria-Vet:Mercado-Padaria-Vinhos
^
D24/03'2018
MPATA NEGRA
T-58.53
PAçougue
LB1. Alimentacao-Drogaria-Vet:Mercado-Padaria-Vinhos
^
D24/03'2018
MPRODUTOS E SERVICOS AU
T-30.00
POutros
LF. Automoveis:Manutencao-Revisao Auto
^
D24/03'2018
MVISS CABELEIREIROS
T-220.00
POutros
LC1. Lazer-Estetica-Vestuario-Celular:Estetica-Massagem
^
D25/03'2018
MPBKIDS BRINQUEDOS
T0.01
POutros
LB. Outras Receitas:Ajustes
^
D25/03'2018
MPBKIDS BRINQUEDOS 02/02
T-80.00
POutros
LE1. Extraordinarias (Ongoing):Presentes
^
D25/03'2018
MPAO DO PARQUE II
T-36.50
PPao do Parque
LB1. Alimentacao-Drogaria-Vet:Mercado-Padaria-Vinhos
^
D26/03'2018
MNIKE OUTLET 08/10
T-50.43
POutros
LC1. Lazer-Estetica-Vestuario-Celular:Vestuario Marina-Felipe
^
D26/03'2018
MLEROY MERLIN 04/06
T-132.84
PLeroy Merlin
LE1. Extraordinarias (Ongoing):Reforma Vilas
^
D26/03'2018
MVARANDA FRUTAS
T-67.49
POutros
LB1. Alimentacao-Drogaria-Vet:Mercado-Padaria-Vinhos
^
D26/03'2018
MFULL PRINT
T-143.00
POutros
LE1. Extraordinarias (Ongoing):Residencia Moveis-Eletro-Servicos
^
D26/03'2018
MBOM BOCADO RESTAURANTE
T-35.73
PRestaurantes
LC1. Lazer-Estetica-Vestuario-Celular:Restaurantes
^
D26/03'2018
MPAG*UberparkEstaciona
T-150.00
PEstapar
LE1. Extraordinarias (Ongoing):Taxi-Estacionamento
^
D27/03'2018
MEXTRA POSTO 2725 JAGUA
T-206.32
PCombustível
LF. Automoveis:Combustivel-Lavagem-Oleo
^
D27/03'2018
MTUHU
T-21.86
PTuhu
LC1. Lazer-Estetica-Vestuario-Celular:Restaurantes
^
D27/03'2018
MPANINI 04/05
T-32.54
PPanini
LE1. Extraordinarias (Ongoing):Assinaturas-Licencas
^
D28/03'2018
MMIX AUTO POSTO
T-75.98
PCombustível
LF. Automoveis:Combustivel-Lavagem-Oleo
^
D28/03'2018
MTUHU
T-29.35
PTuhu
LC1. Lazer-Estetica-Vestuario-Celular:Restaurantes
^
D28/03'2018
MJACQUES JANINE V SAO F
T-150.00
POutros
LC1. Lazer-Estetica-Vestuario-Celular:Estetica-Massagem
^
D29/03'2018
MTUHU
T-29.83
PTuhu
LC1. Lazer-Estetica-Vestuario-Celular:Restaurantes
^
D30/03'2018
MTHE BARLEY HOUSE
T-96.00
POutros
LC1. Lazer-Estetica-Vestuario-Celular:Restaurantes
^
D30/03'2018
MSODIE DOCES VL LAGEA
T-47.77
PRestaurantes
LC1. Lazer-Estetica-Vestuario-Celular:Restaurantes
^
D30/03'2018
MREST FUJIYAMA
T-246.62
PRestaurantes
LC1. Lazer-Estetica-Vestuario-Celular:Restaurantes
^
D31/03'2018
MBABBO GIOVANNI
T-80.13
PRestaurantes
LC1. Lazer-Estetica-Vestuario-Celular:Restaurantes
^
D31/03'2018
MESPACO VILA GOUMERT
T-148.36
PRestaurantes
LC1. Lazer-Estetica-Vestuario-Celular:Restaurantes
^
D02/04'2018
MPERS BLACK  3603-3614
T10,745.57
PMastercad Black
L[Itau Personnalité]
^
D02/04'2018
MSTA ETIENNE
T-25.52
POutros
LC1. Lazer-Estetica-Vestuario-Celular:Restaurantes
^
D02/04'2018
MTUHU
T-28.63
PTuhu
LC1. Lazer-Estetica-Vestuario-Celular:Restaurantes
^
D03/04'2018
MC S VENEZA LTDA
T-187.10
PCombustível
LF. Automoveis:Combustivel-Lavagem-Oleo
^
D03/04'2018
MTORINO COMERCIO DE ALI
T-57.86
PSupermercado
LB1. Alimentacao-Drogaria-Vet:Mercado-Padaria-Vinhos
^
D03/04'2018
MPOLLY PORTAS
T-150.00
POutros
LE1. Extraordinarias (Ongoing):Reforma Vilas
^
D03/04'2018
MBACIO DILATTD GELATERI
T-19.50
PRestaurantes
LC1. Lazer-Estetica-Vestuario-Celular:Restaurantes
^
D04/04'2018
MLEROY MERLIN 01/06
T-101.51
PLeroy Merlin
LE1. Extraordinarias (Ongoing):Reforma Vilas
^
D04/04'2018
MPAES DOCES COMENDADOR
T-22.40
PRestaurantes
LC1. Lazer-Estetica-Vestuario-Celular:Restaurantes
^
D04/04'2018
MCRAZY MEATS
T-25.00
PRestaurantes
LC1. Lazer-Estetica-Vestuario-Celular:Restaurantes
^
D04/04'2018
MCRAZY MEATS
T-20.00
PRestaurantes
LC1. Lazer-Estetica-Vestuario-Celular:Restaurantes
^
D04/04'2018
MPOLLY PORTAS
T-60.00
POutros
LE1. Extraordinarias (Ongoing):Reforma Vilas
^
D04/04'2018
MTUHU
T-31.38
PTuhu
LC1. Lazer-Estetica-Vestuario-Celular:Restaurantes
^
D04/04'2018
MENGLISH CAMP 04/10
T-488.40
PEnglish Camp
LD. Viagens:Tkt-Hotel-Auto
^
D05/04'2018
MREI DO RODAPE COME04/05
T-191.66
PRei do Rodape
LE1. Extraordinarias (Ongoing):Reforma Vilas
^
D05/04'2018
MTHE BARLEY HOUSE
T-71.00
POutros
LC1. Lazer-Estetica-Vestuario-Celular:Restaurantes
^
D05/04'2018
MTUHU RESTAURANTE
T-6.50
PTuhu
LC1. Lazer-Estetica-Vestuario-Celular:Restaurantes
^
D05/04'2018
MTUHU RESTAURANTE
T-20.96
PTuhu
LC1. Lazer-Estetica-Vestuario-Celular:Restaurantes
^
D06/04'2018
MSARAIVA COM 05/10
T-96.49
PSaraiva
LB2. Educacao (Mensal):Livros-Material Escolar
^
D06/04'2018
MCARREFOUR 250 SPV LOBO
T-44.52
PSupermercado
LB1. Alimentacao-Drogaria-Vet:Mercado-Padaria-Vinhos
^
D06/04'2018
MTUHU RESTAURANTE
T-29.47
PTuhu
LC1. Lazer-Estetica-Vestuario-Celular:Restaurantes
^
D06/04'2018
MPAG*NovaVila
T-11.40
PRestaurantes
LC1. Lazer-Estetica-Vestuario-Celular:Restaurantes
^
D06/04'2018
MPETZ JAGUARE
T-33.98
POutros
LE1. Extraordinarias (Ongoing):Residencia Moveis-Eletro-Servicos
^
D06/04'2018
MESTACIONAMENTO EINSTEI
T-32.00
PEstapar
LE1. Extraordinarias (Ongoing):Taxi-Estacionamento
^
D06/04'2018
MINTIMISSIMI 02/02
T-62.25
PIntimissimi
LC1. Lazer-Estetica-Vestuario-Celular:Vestuario Eduardo-Carla
^
D06/04'2018
MSPICY VILLA LOBOS 02/02
T-99.50
POutros
LE1. Extraordinarias (Ongoing):Presentes
^
D07/04'2018
MPAO DE ACUCAR 1696
T-263.16
PPao de Açucar
LB1. Alimentacao-Drogaria-Vet:Mercado-Padaria-Vinhos
^
D07/04'2018
MPAO DO PARQUE
T-46.67
PPao do Parque
LB1. Alimentacao-Drogaria-Vet:Mercado-Padaria-Vinhos
^
D07/04'2018
MZEKA CABELEREIRO
T-70.00
PZeka Cabelereiro
LC1. Lazer-Estetica-Vestuario-Celular:Estetica-Massagem
^
D07/04'2018
MDEDO DE MOCA
T-152.57
PRestaurantes
LC1. Lazer-Estetica-Vestuario-Celular:Restaurantes
^
D07/04'2018
MDROGARIA SAMBAETIBA
T-37.27
PDrogaria
LB1. Alimentacao-Drogaria-Vet:Drogaria
^
D08/04'2018
MKALUNGA SHOPPING ELDOR
T-33.20
Pkalunga
LE1. Extraordinarias (Ongoing):Residencia Moveis-Eletro-Servicos
^
D08/04'2018
MA POSTO LG DE PINHEI
T-193.48
PCombustível
LF. Automoveis:Combustivel-Lavagem-Oleo
^
D09/04'2018
MCJ2 COMERCIO DE PRODUT
T-52.30
POutros
LE2. Extraordinarias (One Time):Outras
^
D09/04'2018
MGATTAMELATA GELATERIA
T-23.00
PRestaurantes
LC1. Lazer-Estetica-Vestuario-Celular:Restaurantes
^
D10/04'2018
MPATA NEGRA
T-71.34
PAçougue
LB1. Alimentacao-Drogaria-Vet:Mercado-Padaria-Vinhos
^
D11/04'2018
MEXTRA POSTO 2725 JAGUA
T-183.28
PCombustível
LF. Automoveis:Combustivel-Lavagem-Oleo
^
D12/04'2018
METIENNE ROTISSERIA E B
T-35.31
PRestaurantes
LC1. Lazer-Estetica-Vestuario-Celular:Restaurantes
^
D12/04'2018
MSUBMARINO MARKETPL05/06
T-11.16
PSubmarino
LB2. Educacao (Mensal):Livros-Material Escolar
^
D13/04'2018
MROSIMA COM DOCES FINOS
T-51.70
PRestaurantes
LC1. Lazer-Estetica-Vestuario-Celular:Restaurantes
^
D13/04'2018
MWORK BOOK
T-46.00
POutros
LB2. Educacao (Mensal):Livros-Material Escolar
^
D13/04'2018
MLIVRO FACIL 05/10
T-40.42
PLivro Facil
LB2. Educacao (Mensal):Livros-Material Escolar
^
D14/04'2018
MVACICLIN OSASCO 01/03
T-95.00
POutros
LG. Reembolsaveis:Medicos-Clinicas-Exames
^
D14/04'2018
MLE SAUDE E BELEZA EIRE
T-180.00
POutros
LC1. Lazer-Estetica-Vestuario-Celular:Estetica-Massagem
^
D14/04'2018
MGRAN SAPORE
T-22.90
PRestaurantes
LC1. Lazer-Estetica-Vestuario-Celular:Restaurantes
^
D15/04'2018
MPAO DO PARQUE II
T-28.71
PPao do Parque
LB1. Alimentacao-Drogaria-Vet:Mercado-Padaria-Vinhos
^
D15/04'2018
MSUBMARINO MARKETPLACE
T5.12
PSubmarino
LB. Outras Receitas:Devolucao - Pagto Emprestimo
^
D16/04'2018
MCARREFOUR 250 SPV LOBO
T-155.42
PSupermercado
LB1. Alimentacao-Drogaria-Vet:Mercado-Padaria-Vinhos
^
D16/04'2018
M1087 - GRSA GRSA CLARI
T-11.50
PRestaurantes
LC1. Lazer-Estetica-Vestuario-Celular:Restaurantes
^
D17/04'2018
MDRL PAES E DOCES LTDA
T-27.50
PRestaurantes
LC1. Lazer-Estetica-Vestuario-Celular:Restaurantes
^
D20/04'2018
MREI DA CUTELARIA 02/06
T-84.70
POutros
LE2. Extraordinarias (One Time):Outras
^
D20/04'2018
MVIANNA BAR
T-61.47
PRestaurantes
LC1. Lazer-Estetica-Vestuario-Celular:Restaurantes
^
D23/04'2018
MCAMICADO 05/05
T-155.44
POutros
LE1. Extraordinarias (Ongoing):Residencia Moveis-Eletro-Servicos
^
D26/04'2018
MNIKE OUTLET 09/10
T-50.43
POutros
LC1. Lazer-Estetica-Vestuario-Celular:Vestuario Marina-Felipe
^
D26/04'2018
MLEROY MERLIN 05/06
T-132.84
PLeroy Merlin
LE1. Extraordinarias (Ongoing):Reforma Vilas
^
D26/04'2018
MPAO DO PARQUE
