!Type:CCard
D05/01'2008
T0.00
CX
POpening Balance
L[Mastercard Personnalite]
^
D05/01'2008
MSUPERMERCADOS MAMBO
T-364.31
PMambo Supermercado
LB1. Alimentacao-Drogaria-Vet:Mercado-Padaria-Vinhos
^
D05/01'2008
MWIPE PASTA E GRILL
T-32.81
PRestaurantes
LC1. Lazer-Estetica-Vestuario-Celular:Restaurantes
^
D06/01'2008
MPHILADELFIA
T-32.12
PRestaurantes
LC1. Lazer-Estetica-Vestuario-Celular:Restaurantes
^
D07/01'2008
MMAGNOLIA CAFE
T-22.22
PRestaurantes
LC1. Lazer-Estetica-Vestuario-Celular:Restaurantes
^
D07/01'2008
MRESTAURANTE MOURA NUNE
T-19.45
PRestaurantes
LC1. Lazer-Estetica-Vestuario-Celular:Restaurantes
^
D07/01'2008
MMEU E M TS TRAT BELE
T-24.00
PRestaurantes
LC1. Lazer-Estetica-Vestuario-Celular:Restaurantes
^
D08/01'2008
MDROGASIL LJ 170
T-22.80
PDrogaria
LB1. Alimentacao-Drogaria-Vet:Drogaria
^
D08/01'2008
MFARMALIFE SP
T-22.27
PDrogaria
LB1. Alimentacao-Drogaria-Vet:Drogaria
^
D08/01'2008
MZARAPEUSTAS
T-16.09
PRestaurantes
LC1. Lazer-Estetica-Vestuario-Celular:Restaurantes
^
D09/01'2008
MRICHARDS
T-59.00
POutros
LC1. Lazer-Estetica-Vestuario-Celular:Vestuario Eduardo-Carla
^
D09/01'2008
MSPEEDO
T-78.90
POutros
LC1. Lazer-Estetica-Vestuario-Celular:Vestuario Eduardo-Carla
^
D09/01'2008
MSTA MARIA EXPRESS
T-85.00
POutros
LE1. Extraordinarias (Ongoing):Presentes
^
D09/01'2008
MVILA ROMANA SUL NW01/02
T-39.95
PVila Romana
LE1. Extraordinarias (Ongoing):Presentes
^
D09/01'2008
MAMERICA MORUMBI
T-48.05
PRestaurantes
LC1. Lazer-Estetica-Vestuario-Celular:Restaurantes
^
D10/01'2008
MAVILA COM
T-256.54
PRestaurantes
LC1. Lazer-Estetica-Vestuario-Celular:Restaurantes
^
D12/01'2008
MREDE ESTAPAR ESTAC
T-11.90
PEstapar
LE1. Extraordinarias (Ongoing):Taxi-Estacionamento
^
D12/01'2008
MAOYAMAS
T-49.97
PRestaurantes
LC1. Lazer-Estetica-Vestuario-Celular:Restaurantes
^
D13/01'2008
MACOUGUE E DERIV
T-65.48
PAçougue
LB1. Alimentacao-Drogaria-Vet:Mercado-Padaria-Vinhos
^
D13/01'2008
MDROGA RAIA F 10
T-85.25
PDrogaria
LB1. Alimentacao-Drogaria-Vet:Drogaria
^
D13/01'2008
MFRUTARIA COLLIN
T-53.16
PSupermercado
LB1. Alimentacao-Drogaria-Vet:Mercado-Padaria-Vinhos
^
D13/01'2008
MBOMBONIERE MONT
T-22.30
PSupermercado
LB1. Alimentacao-Drogaria-Vet:Mercado-Padaria-Vinhos
^
D13/01'2008
MPHILADELFIA
T-31.46
PRestaurantes
LC1. Lazer-Estetica-Vestuario-Celular:Restaurantes
^
D14/01'2008
MARAK
T-21.73
PRestaurantes
LC1. Lazer-Estetica-Vestuario-Celular:Restaurantes
^
D24/01'2008
MFARMAX LJ 16
T-25.20
PDrogaria
LB1. Alimentacao-Drogaria-Vet:Drogaria
^
D24/01'2008
MALMANARA SH VILLA LOBO
T-72.00
PRestaurantes
LC1. Lazer-Estetica-Vestuario-Celular:Restaurantes
^
D24/01'2008
MTADAMASSA YAMADA
T-80.00
POutros
LC1. Lazer-Estetica-Vestuario-Celular:Estetica-Massagem
^
D26/01'2008
MDROGARIA SP L008
T-15.99
PDrogaria
LB1. Alimentacao-Drogaria-Vet:Drogaria
^
D28/01'2008
MESTAPAR ESTACIONAMENTO
T-11.20
POutros
LE1. Extraordinarias (Ongoing):Taxi-Estacionamento
^
D29/01'2008
MAJAJ LANCHONETE LTDA
T-25.70
PRestaurantes
LC1. Lazer-Estetica-Vestuario-Celular:Restaurantes
^
D29/01'2008
MALIMENTACAO JAS LANCHO
T-25.80
PRestaurantes
LC1. Lazer-Estetica-Vestuario-Celular:Restaurantes
^
D31/01'2008
MLANCHONETE MUZAMBINHO
T-24.15
PRestaurantes
LC1. Lazer-Estetica-Vestuario-Celular:Restaurantes
^
D01/02'2008
MPAO DO PARQUE
T-26.90
PPao do Parque
LB1. Alimentacao-Drogaria-Vet:Mercado-Padaria-Vinhos
^
D02/02'2008
MSANTO DESCANSO
T-43.00
PRestaurantes
LC1. Lazer-Estetica-Vestuario-Celular:Restaurantes
^
D02/02'2008
MZEKA CABELEREIRO
T-60.00
PZeka Cabelereiro
LC1. Lazer-Estetica-Vestuario-Celular:Estetica-Massagem
^
D03/02'2008
MWET N WILD
T-77.00
POutros
LC1. Lazer-Estetica-Vestuario-Celular:Cinema-Locadora-Esportes-Diversao
^
D04/02'2008
MANDIAMO ROCIO
T-133.54
PRestaurantes
LC1. Lazer-Estetica-Vestuario-Celular:Restaurantes
^
D05/02'2008
MSUPERMERCADOS M
T-339.11
PSupermercado
LB1. Alimentacao-Drogaria-Vet:Mercado-Padaria-Vinhos
^
D06/02'2008
M BAKED POTATOR
T-29.00
PRestaurantes
LC1. Lazer-Estetica-Vestuario-Celular:Restaurantes
^
D06/02'2008
M TEMAKI BY NORU
T-80.30
PRestaurantes
LC1. Lazer-Estetica-Vestuario-Celular:Restaurantes
^
D07/02'2008
M KOPENHAGEM VL OLIMPIA
T-14.72
PRestaurantes
LC1. Lazer-Estetica-Vestuario-Celular:Restaurantes
^
D07/02'2008
M VILLA AROMA
T-16.23
PRestaurantes
LC1. Lazer-Estetica-Vestuario-Celular:Restaurantes
^
D07/02'2008
M MC DONALD S
T-17.15
PRestaurantes
LC1. Lazer-Estetica-Vestuario-Celular:Restaurantes
^
D08/02'2008
M ESTAPAR ESTACIO
T-15.00
POutros
LE1. Extraordinarias (Ongoing):Taxi-Estacionamento
^
D08/02'2008
M FARMAX LJ 16
T-67.49
PDrogaria
LB1. Alimentacao-Drogaria-Vet:Drogaria
^
D09/02'2008
M SANTO DESCANSO
T-40.30
PRestaurantes
LC1. Lazer-Estetica-Vestuario-Celular:Restaurantes
^
D11/02'2008
M ALIMENTACAO JAS LANCHO
T-23.24
PRestaurantes
LC1. Lazer-Estetica-Vestuario-Celular:Restaurantes
^
D12/02'2008
T349.94
PMastercard Personnalite
L[Itau Personnalité]
^
D12/02'2008
M MONTANA GRILL EXPRESS
T-19.80
PRestaurantes
LC1. Lazer-Estetica-Vestuario-Celular:Restaurantes
^
D12/02'2008
M GELATERIA PARMALAT
T-16.00
PRestaurantes
LC1. Lazer-Estetica-Vestuario-Celular:Restaurantes
^
D13/02'2008
M VIENA ROCIO
T-41.17
PRestaurantes
LC1. Lazer-Estetica-Vestuario-Celular:Restaurantes
^
D14/02'2008
M PAO DE ACUCAR LJ 1248
T-187.73
PPao de Açucar
LB1. Alimentacao-Drogaria-Vet:Mercado-Padaria-Vinhos
^
D16/02'2008
M TASTE E DELIGHT
T-14.50
PRestaurantes
LC1. Lazer-Estetica-Vestuario-Celular:Restaurantes
^
D16/02'2008
M SANTO DESCANSO
T-48.00
PRestaurantes
LC1. Lazer-Estetica-Vestuario-Celular:Restaurantes
^
D18/02'2008
M THAI HO
T-15.85
PRestaurantes
LC1. Lazer-Estetica-Vestuario-Celular:Restaurantes
^
D19/02'2008
M ESTAPAR ESTACIONAMENTO
T-20.00
POutros
LE1. Extraordinarias (Ongoing):Taxi-Estacionamento
^
D19/02'2008
M REST JARDIM ALA
T-15.00
PRestaurantes
LC1. Lazer-Estetica-Vestuario-Celular:Restaurantes
^
D20/02'2008
M ESTAPAR ESTACIONAMENTO
T-14.00
POutros
LE1. Extraordinarias (Ongoing):Taxi-Estacionamento
^
D20/02'2008
M REST JARDIM ALA
T-11.40
PRestaurantes
LC1. Lazer-Estetica-Vestuario-Celular:Restaurantes
^
D20/02'2008
M ZARAPEUSTAS
T-18.60
PRestaurantes
LC1. Lazer-Estetica-Vestuario-Celular:Restaurantes
^
D21/02'2008
M THAI HO
T-16.90
PRestaurantes
LC1. Lazer-Estetica-Vestuario-Celular:Restaurantes
^
D21/02'2008
M DROGA ALETA
T-119.21
PDrogaria
LB1. Alimentacao-Drogaria-Vet:Drogaria
^
D22/02'2008
M QUALY FAST GRILL
T-18.96
PRestaurantes
LC1. Lazer-Estetica-Vestuario-Celular:Restaurantes
^
D22/02'2008
M PAO DE ACUCAR LJ 1248
T-63.25
PPao de Açucar
LB1. Alimentacao-Drogaria-Vet:Mercado-Padaria-Vinhos
^
D22/02'2008
M RI HAPPY BRINQUEDOS
T-63.97
PRi Happy
LE1. Extraordinarias (Ongoing):Presentes
^
D22/02'2008
M ANY ANY
T-59.00
POutros
LE1. Extraordinarias (Ongoing):Presentes
^
D23/02'2008
M ZEKA CABELEREIRO
T-95.00
PZeka Cabelereiro
LC1. Lazer-Estetica-Vestuario-Celular:Estetica-Massagem
^
D25/02'2008
M MEU E M TS TRAT
T-50.00
POutros
LE1. Extraordinarias (Ongoing):Presentes
^
D25/02'2008
MCENTRO COM SER VENEZ
T-96.16
PCombustível
LF. Automoveis:Combustivel-Lavagem-Oleo
^
D25/02'2008
MREST JARDIM ALA
T-12.35
PRestaurantes
LC1. Lazer-Estetica-Vestuario-Celular:Restaurantes
^
D26/02'2008
MDROGA ALETA
T-24.92
PDrogaria
LB1. Alimentacao-Drogaria-Vet:Drogaria
^
D27/02'2008
MESTAPAR ESTACIONAMENTO
T-9.10
POutros
LE1. Extraordinarias (Ongoing):Taxi-Estacionamento
^
D27/02'2008
MBELLO RESTAURANTE
T-13.60
PRestaurantes
LC1. Lazer-Estetica-Vestuario-Celular:Restaurantes
^
D27/02'2008
MZARAPEUSTAS
T-16.44
PRestaurantes
LC1. Lazer-Estetica-Vestuario-Celular:Restaurantes
^
D28/02'2008
MOLIMPIA GRILL
T-16.40
PRestaurantes
LC1. Lazer-Estetica-Vestuario-Celular:Restaurantes
^
D28/02'2008
MBOMBONIERE MONTSON
T-8.00
PRestaurantes
LC1. Lazer-Estetica-Vestuario-Celular:Restaurantes
^
D29/02'2008
MBAKED POTATOR
T-31.40
PRestaurantes
LC1. Lazer-Estetica-Vestuario-Celular:Restaurantes
^
D29/02'2008
MAMERICA MORUMBI
T-56.55
PRestaurantes
LC1. Lazer-Estetica-Vestuario-Celular:Restaurantes
^
D29/02'2008
M29/02 - AMZ*Amazon Payments
T-26.36
PAmazon
LD. Viagens:Compras
^
D29/02'2008
M29/02 - AMZ*Amazon Payments
T-16.08
PAmazon
LD. Viagens:Compras
^
D01/03'2008
MAmazon.com
T-82.88
PAmazon
LD. Viagens:Compras
^
D01/03'2008
MAmazon.com - BALMEX
T-107.65
PAmazon
LD. Viagens:Compras
^
D02/03'2008
M02/03 - IMPOSTO COMPRA INT-IOF
T-1.00
PGoverno
LH. Impostos Federais:CPMF-IOF
^
D02/03'2008
MAmazon.com
T-68.97
PAmazon
LD. Viagens:Compras
^
D03/03'2008
MABADIA
T-20.57
PRestaurantes
LC1. Lazer-Estetica-Vestuario-Celular:Restaurantes
^
D03/03'2008
MPRIME BURGUER
T-73.15
PRestaurantes
LC1. Lazer-Estetica-Vestuario-Celular:Restaurantes
^
D03/03'2008
MAMZ*Amazon Payments
T-22.53
PAmazon
LD. Viagens:Compras
^
D03/03'2008
MAMZ*Amazon Payments
T-150.49
PAmazon
LD. Viagens:Compras
^
D04/03'2008
MMONTANA GRILL EXPRESS
T-31.00
PRestaurantes
LC1. Lazer-Estetica-Vestuario-Celular:Restaurantes
^
D04/03'2008
MALMANARA JD SUL
T-37.15
PRestaurantes
LC1. Lazer-Estetica-Vestuario-Celular:Restaurantes
^
D04/03'2008
MAMZ*Amazon Payments
T-69.79
PAmazon
LD. Viagens:Compras
^
D06/03'2008
MVICTOR HUGO 01/04
T-74.50
POutros
LE1. Extraordinarias (Ongoing):Presentes
^
D07/03'2008
MALIMENTACAO JAS LANCHO
T-20.15
PRestaurantes
LC1. Lazer-Estetica-Vestuario-Celular:Restaurantes
^
D08/03'2008
MSANTO DESCANSO
T-38.00
PRestaurantes
LC1. Lazer-Estetica-Vestuario-Celular:Restaurantes
^
D08/03'2008
MRESTAURANTE HIRO
T-60.60
PRestaurantes
LC1. Lazer-Estetica-Vestuario-Celular:Restaurantes
^
D09/03'2008
MPBKIDS
T-77.90
POutros
LE1. Extraordinarias (Ongoing):Presentes
^
D10/03'2008
MEXTRA JAGUARE 1357
T-367.78
PExtra
LB1. Alimentacao-Drogaria-Vet:Mercado-Padaria-Vinhos
^
D10/03'2008
MEXTRA JAGUARE 135701/05
T-55.80
PExtra
LB1. Alimentacao-Drogaria-Vet:Mercado-Padaria-Vinhos
^
D11/03'2008
MABADIA
T-19.39
PRestaurantes
LC1. Lazer-Estetica-Vestuario-Celular:Restaurantes
^
D12/03'2008
MBKI PERS MASTER
T2,149.78
PMastercard Personnalite
L[Itau Personnalité]
^
D12/03'2008
MVILLA AROMA
T-15.78
PRestaurantes
LC1. Lazer-Estetica-Vestuario-Celular:Restaurantes
^
D13/03'2008
MVILLA AROMA
T-20.86
PRestaurantes
LC1. Lazer-Estetica-Vestuario-Celular:Restaurantes
^
D14/03'2008
MCHURASCARIA PORTAL GRI
T-32.66
PRestaurantes
LC1. Lazer-Estetica-Vestuario-Celular:Restaurantes
^
D14/03'2008
MDROGA RAIA F 106
T-16.38
PDrogaria
LB1. Alimentacao-Drogaria-Vet:Drogaria
^
D15/03'2008
MSANRIO ELDORADO 01/03
T-64.63
POutros
LE1. Extraordinarias (Ongoing):Presentes
^
D17/03'2008
MESTAPAR ESTACIONAMENTO
T-14.00
POutros
LE1. Extraordinarias (Ongoing):Taxi-Estacionamento
^
D19/03'2008
MMAMMY GESTANTE IGUATEM
T-98.00
POutros
LC1. Lazer-Estetica-Vestuario-Celular:Vestuario Eduardo-Carla
^
D19/03'2008
MRI HAPPY BRINQUEDOS
T-34.80
PRi Happy
LE1. Extraordinarias (Ongoing):Presentes
^
D19/03'2008
MMAMMY GESTANTE IGU01/03
T-201.66
POutros
LC1. Lazer-Estetica-Vestuario-Celular:Vestuario Eduardo-Carla
^
D19/03'2008
MMC DONALD S NFL
T-14.75
PRestaurantes
LC1. Lazer-Estetica-Vestuario-Celular:Restaurantes
^
D20/03'2008
MPAO DO PARQUE
T-43.79
PPao do Parque
LB1. Alimentacao-Drogaria-Vet:Mercado-Padaria-Vinhos
^
D20/03'2008
MDROGA RAIA F 106 01/03
T-31.71
PDrogaria
LB1. Alimentacao-Drogaria-Vet:Drogaria
^
D21/03'2008
MEXTRA JAGUARE 1
T-114.38
PExtra
LB1. Alimentacao-Drogaria-Vet:Mercado-Padaria-Vinhos
^
D21/03'2008
MRESTAURANTE HIR
T-67.50
PRestaurantes
LC1. Lazer-Estetica-Vestuario-Celular:Restaurantes
^
D24/03'2008
MRI HAPPY BRINQUEDO01/03
T-29.99
PRi Happy
LE1. Extraordinarias (Ongoing):Presentes
^
D24/03'2008
MRICHARDS 01/02
T-99.00
POutros
LC1. Lazer-Estetica-Vestuario-Celular:Vestuario Eduardo-Carla
^
D24/03'2008
MPIRLIMPIMPIM
T-64.00
POutros
LC1. Lazer-Estetica-Vestuario-Celular:Vestuario Eduardo-Carla
^
D26/03'2008
MVILLA AROMA
T-29.40
PRestaurantes
LC1. Lazer-Estetica-Vestuario-Celular:Restaurantes
^
D27/03'2008
MVILLA AROMA
T-21.75
PRestaurantes
LC1. Lazer-Estetica-Vestuario-Celular:Restaurantes
^
D27/03'2008
MREST AMERICA J
T-30.20
PRestaurantes
LC1. Lazer-Estetica-Vestuario-Celular:Restaurantes
^
D28/03'2008
MART KILO
T-18.47
PRestaurantes
LC1. Lazer-Estetica-Vestuario-Celular:Restaurantes
^
D28/03'2008
MRESTAURANTE HIRO
T-44.90
PRestaurantes
LC1. Lazer-Estetica-Vestuario-Celular:Restaurantes
^
D31/03'2008
MABADIA
T-26.66
PRestaurantes
LC1. Lazer-Estetica-Vestuario-Celular:Restaurantes
^
D01/04'2008
MTHAI HO
T-18.70
PRestaurantes
LC1. Lazer-Estetica-Vestuario-Celular:Restaurantes
^
D01/04'2008
MAUTO PARK
T-16.00
PEstapar
LE1. Extraordinarias (Ongoing):Taxi-Estacionamento
^
D02/04'2008
MIMPOSTO COMPRA INT-IOF
T-11.96
PGoverno
LH. Impostos Federais:CPMF-IOF
^
D02/04'2008
MCAFE VILA PARIS
T-33.10
PRestaurantes
LC1. Lazer-Estetica-Vestuario-Celular:Restaurantes
^
D02/04'2008
MALIMENTACAO JAS LANCHO
T-21.60
PRestaurantes
LC1. Lazer-Estetica-Vestuario-Celular:Restaurantes
^
D03/04'2008
MESTAPAR ESTACIONAMENTO
T-17.50
PEstapar
LE1. Extraordinarias (Ongoing):Taxi-Estacionamento
^
D03/04'2008
MRESTAURANTE TAKEDA
T-35.48
PRestaurantes
LC1. Lazer-Estetica-Vestuario-Celular:Restaurantes
^
D04/04'2008
MABADIA
T-15.74
PRestaurantes
LC1. Lazer-Estetica-Vestuario-Celular:Restaurantes
^
D05/04'2008
MAPPLEBEE S ELDORADO
T-135.00
PRestaurantes
LC1. Lazer-Estetica-Vestuario-Celular:Restaurantes
^
D05/04'2008
MMICROPLUS
T-49.00
POutros
LE1. Extraordinarias (Ongoing):Residencia Moveis-Eletro-Servicos
^
D06/04'2008
MVICTOR HUGO 02/04
T-74.50
POutros
LE1. Extraordinarias (Ongoing):Presentes
^
D07/04'2008
MROTIS VILLA MADALENA
T-27.28
PRestaurantes
LC1. Lazer-Estetica-Vestuario-Celular:Restaurantes
^
D08/04'2008
MQUALY FAST GRILL
T-17.42
PRestaurantes
LC1. Lazer-Estetica-Vestuario-Celular:Restaurantes
^
D08/04'2008
MDROGA ALETA
T-42.96
PDrogaria
LB1. Alimentacao-Drogaria-Vet:Drogaria
^
D08/04'2008
MESTAPAR ESTAC
T-15.00
PEstapar
LE1. Extraordinarias (Ongoing):Taxi-Estacionamento
^
D09/04'2008
MREST JARDIM ALA
T-12.61
PRestaurantes
LC1. Lazer-Estetica-Vestuario-Celular:Restaurantes
^
D10/04'2008
MEXTRA JAGUARE 135702/05
T-55.80
PExtra
LB1. Alimentacao-Drogaria-Vet:Mercado-Padaria-Vinhos
^
D11/04'2008
MVIENA PLAZA SUL
T-28.39
PRestaurantes
LC1. Lazer-Estetica-Vestuario-Celular:Restaurantes
^
D11/04'2008
MDROGA RAIA F 106 01/02
T-57.82
PDrogaria
LB1. Alimentacao-Drogaria-Vet:Drogaria
^
D11/04'2008
MC & A MODAS LJ 100
T-65.70
POutros
LC1. Lazer-Estetica-Vestuario-Celular:Vestuario Eduardo-Carla
^
D11/04'2008
MGALETO S IBIRAPUERA 14
T-86.35
PRestaurantes
LC1. Lazer-Estetica-Vestuario-Celular:Restaurantes
^
D11/04'2008
MZARA IBIRAPUERA 01/03
T-221.66
PZara
LC1. Lazer-Estetica-Vestuario-Celular:Vestuario Eduardo-Carla
^
D12/04'2008
MSANTO DESCANSO
T-20.40
PRestaurantes
LC1. Lazer-Estetica-Vestuario-Celular:Restaurantes
^
D14/04'2008
MBKI PERS MASTER
T2,560.23
PMastercard Personnalite
L[Itau Personnalité]
^
D14/04'2008
MVILLA AROMA
T-18.97
PRestaurantes
LC1. Lazer-Estetica-Vestuario-Celular:Restaurantes
^
D15/04'2008
MART KILO
T-15.50
PRestaurantes
LC1. Lazer-Estetica-Vestuario-Celular:Restaurantes
^
D15/04'2008
MKOPENHAGEN EMPRESARIA
T-16.80
PRestaurantes
LC1. Lazer-Estetica-Vestuario-Celular:Restaurantes
^
D15/04'2008
MPBKIDS BRINQUEDOS
T-26.90
POutros
LE1. Extraordinarias (Ongoing):Presentes
^
D15/04'2008
MSANRIO ELDORADO 02/03
T-64.63
POutros
LE1. Extraordinarias (Ongoing):Presentes
^
D16/04'2008
MALMANARA SH VILLA LOBO
T-59.00
PRestaurantes
LC1. Lazer-Estetica-Vestuario-Celular:Restaurantes
^
D17/04'2008
MVIENA ROCIO
T-37.95
PRestaurantes
LC1. Lazer-Estetica-Vestuario-Celular:Restaurantes
^
D17/04'2008
MDROGA RAIA F 106
T-44.30
PDrogaria
LB1. Alimentacao-Drogaria-Vet:Drogaria
^
D18/04'2008
MSAPPORO
T-58.16
PRestaurantes
LC1. Lazer-Estetica-Vestuario-Celular:Restaurantes
^
D18/04'2008
MSUPERMERCADOS MAMBO
T-436.20
PMambo Supermercado
LB1. Alimentacao-Drogaria-Vet:Mercado-Padaria-Vinhos
^
D18/04'2008
MACOUGUE E DERIVADOS
T-30.99
PAçougue
LB1. Alimentacao-Drogaria-Vet:Mercado-Padaria-Vinhos
^
D19/04'2008
MSANTO DESCANSO
T-68.28
PRestaurantes
LC1. Lazer-Estetica-Vestuario-Celular:Restaurantes
^
D19/04'2008
MMAMMY GESTANTE IGU02/03
T-201.66
POutros
LC1. Lazer-Estetica-Vestuario-Celular:Vestuario Eduardo-Carla
^
D20/04'2008
MDROGA RAIA F 106 02/03
T-31.71
PDrogaria
LB1. Alimentacao-Drogaria-Vet:Drogaria
^
D21/04'2008
MDROGASIL LJ 170
T-57.82
PDrogaria
LB1. Alimentacao-Drogaria-Vet:Drogaria
^
D21/04'2008
MAPPLEBEE S
T-68.70
PRestaurantes
LC1. Lazer-Estetica-Vestuario-Celular:Restaurantes
^
D22/04'2008
MPAO DO PARQUE
T-13.28
PPao do Parque
LB1. Alimentacao-Drogaria-Vet:Mercado-Padaria-Vinhos
^
D22/04'2008
MSOLO PASTA
T-22.60
PRestaurantes
LC1. Lazer-Estetica-Vestuario-Celular:Restaurantes
^
D23/04'2008
MVILLA AROMA
T-16.46
PRestaurantes
LC1. Lazer-Estetica-Vestuario-Celular:Restaurantes
^
D24/04'2008
MRICHARDS 02/02
T-99.00
POutros
LC1. Lazer-Estetica-Vestuario-Celular:Vestuario Eduardo-Carla
^
D24/04'2008
MESTAPAR ESTAC
T-10.50
PEstapar
LE1. Extraordinarias (Ongoing):Taxi-Estacionamento
^
D24/04'2008
MBELLO RESTAURAN
T-16.20
PRestaurantes
LC1. Lazer-Estetica-Vestuario-Celular:Restaurantes
^
D24/04'2008
MZEKA CABELEREIR
T-69.00
PZeka Cabelereiro
LC1. Lazer-Estetica-Vestuario-Celular:Estetica-Massagem
^
D24/04'2008
MRI HAPPY BRINQUEDO02/03
T-29.99
PRi Happy
LE1. Extraordinarias (Ongoing):Presentes
^
D24/04'2008
MRICHARDS 02/02
T-99.00
POutros
LC1. Lazer-Estetica-Vestuario-Celular:Vestuario Eduardo-Carla
^
D24/04'2008
MRI HAPPY BRINQUED 02/03
T-29.99
PRi Happy
LE1. Extraordinarias (Ongoing):Presentes
^
D25/04'2008
MTHAI HO
T-13.09
PRestaurantes
LC1. Lazer-Estetica-Vestuario-Celular:Restaurantes
^
D25/04'2008
MZEKA CABELEREIRO
T-30.00
PZeka Cabelereiro
LC1. Lazer-Estetica-Vestuario-Celular:Estetica-Massagem
^
D26/04'2008
METNA HOME STORE 01/06
T-19.98
POutros
LA1. Residencia Villas:Moveis
^
D26/04'2008
METNA HOME STORE 01/06
T-99.96
POutros
LA1. Residencia Villas:Moveis
^
D27/04'2008
MSALLVATTORE
T-138.93
PRestaurantes
LC1. Lazer-Estetica-Vestuario-Celular:Restaurantes
^
D28/04'2008
MABADIA
T-19.04
PRestaurantes
LC1. Lazer-Estetica-Vestuario-Celular:Restaurantes
^
D28/04'2008
MKOPENHAGEM VL OLIMPIA
T-30.90
PRestaurantes
LC1. Lazer-Estetica-Vestuario-Celular:Restaurantes
^
D28/04'2008
MDROGASIL LJ 170
T-51.22
PDrogaria
LB1. Alimentacao-Drogaria-Vet:Drogaria
^
D28/04'2008
MAUTO POSTO HUNGRIA
T-70.00
PCombustível
LF. Automoveis:Combustivel-Lavagem-Oleo
^
D29/04'2008
MABADIA
T-17.78
PRestaurantes
LC1. Lazer-Estetica-Vestuario-Celular:Restaurantes
^
D30/04'2008
MPAO DE ACUCAR LJ 1248
T-54.88
PPao de Açucar
LB1. Alimentacao-Drogaria-Vet:Mercado-Padaria-Vinhos
^
D30/04'2008
MFARMAX LJ 16
T-260.54
PDrogaria
LB1. Alimentacao-Drogaria-Vet:Drogaria
^
D30/04'2008
MDRI*ca.com - CA ANUIDADE ANTIVIRUS
T-82.98
POutros
LE1. Extraordinarias (Ongoing):Residencia Moveis-Eletro-Servicos
^
D30/04'2008
C*
MRICHARDS 01/04
T-112.00
POutros
LC1. Lazer-Estetica-Vestuario-Celular:Vestuario Eduardo-Carla
^
D02/05'2008
MANUIDADE CARTAO T 04/11
T-15.81
PMastercard Personnalite
LI. Taxas Bancarias:Manutencao de Conta
^
D02/05'2008
M02/05 - EST DIF COT DOLAR
T14.77
PMastercard Personnalite
LC. Reembolsos:Reembolso
^
D02/05'2008
M02/05 - IMPOSTO COMPRA INT-IOF
T-1.96
PGoverno
LH. Impostos Federais:CPMF-IOF
^
D02/05'2008
MDILETTO CALCADOS P01/03
T-106.66
POutros
LC1. Lazer-Estetica-Vestuario-Celular:Vestuario Eduardo-Carla
^
D03/05'2008
MSANTO DESCANSO
T-57.22
PRestaurantes
LC1. Lazer-Estetica-Vestuario-Celular:Restaurantes
^
D05/05'2008
MABADIA
T-16.39
PRestaurantes
LC1. Lazer-Estetica-Vestuario-Celular:Restaurantes
^
D05/05'2008
MEXTRA JAGUARE 1357
T-131.70
PExtra
LB1. Alimentacao-Drogaria-Vet:Mercado-Padaria-Vinhos
^
D06/05'2008
MVICTOR HUGO 03/04
T-74.50
POutros
LE1. Extraordinarias (Ongoing):Presentes
^
D06/05'2008
MAREZZO IBIRAPUERA 01/04
T-139.95
PArezzo
LC1. Lazer-Estetica-Vestuario-Celular:Vestuario Eduardo-Carla
^
D08/05'2008
MMULTIPARK ESTACIONAMEN
T-12.00
PEstapar
LE1. Extraordinarias (Ongoing):Taxi-Estacionamento
^
D08/05'2008
MART KILO
T-16.21
PRestaurantes
LC1. Lazer-Estetica-Vestuario-Celular:Restaurantes
^
D08/05'2008
MCREDITO/INSCRICAO TITUL
T7.91
PMastercard Personnalite
LB. Outras Receitas:Ajustes
^
D09/05'2008
MCHURASCARIA PORTAL GRI
T-32.22
PRestaurantes
LC1. Lazer-Estetica-Vestuario-Celular:Restaurantes
^
D10/05'2008
MEXTRA JAGUARE 135703/05
T-55.80
PExtra
LB1. Alimentacao-Drogaria-Vet:Mercado-Padaria-Vinhos
^
D10/05'2008
MANY ANY 01/04
T-119.00
POutros
LE1. Extraordinarias (Ongoing):Presentes
^
D10/05'2008
MBABY HOUSE TEODORO01/03
T-189.33
POutros
LA1. Residencia Villas:Moveis
^
D10/05'2008
MSANTO DESCANSO
T-48.70
PRestaurantes
LC1. Lazer-Estetica-Vestuario-Celular:Restaurantes
^
D11/05'2008
MDROGA RAIA F 106 02/02
T-57.83
PDrogaria
LB1. Alimentacao-Drogaria-Vet:Drogaria
^
D11/05'2008
MZARA IBIRAPUERA 02/03
T-221.66
PZara
LC1. Lazer-Estetica-Vestuario-Celular:Vestuario Eduardo-Carla
^
D12/05'2008
MCARTAO PERSONNALITE
T3,432.31
PMastercard Personnalite
L[Itau Personnalité]
^
D12/05'2008
MPAO DE ACUCAR LJ 1248
T-59.31
PPao de Açucar
LB1. Alimentacao-Drogaria-Vet:Mercado-Padaria-Vinhos
^
D12/05'2008
MFARMAX LJ 16
T-30.42
PDrogaria
LB1. Alimentacao-Drogaria-Vet:Drogaria
^
D12/05'2008
MVILLA AROMA
T-17.96
PRestaurantes
LC1. Lazer-Estetica-Vestuario-Celular:Restaurantes
^
D13/05'2008
MMC DONALD S
T-28.80
PRestaurantes
LC1. Lazer-Estetica-Vestuario-Celular:Restaurantes
^
D13/05'2008
MDROGA RAIA F 106
T-97.94
PDrogaria
LB1. Alimentacao-Drogaria-Vet:Drogaria
^
D13/05'2008
MZARAPEUSTAS
T-18.17
PRestaurantes
LC1. Lazer-Estetica-Vestuario-Celular:Restaurantes
^
D14/05'2008
MSANTO DESCANSO
T-13.90
PRestaurantes
LC1. Lazer-Estetica-Vestuario-Celular:Restaurantes
^
D15/05'2008
MSANRIO ELDORADO 03/03
T-64.64
POutros
LE1. Extraordinarias (Ongoing):Presentes
^
D16/05'2008
MEXTRA JAGUARE 1357
T-48.13
PExtra
LB1. Alimentacao-Drogaria-Vet:Mercado-Padaria-Vinhos
^
D16/05'2008
MDROG EXTRA LJ 2713
T-19.21
PDrogaria
LB1. Alimentacao-Drogaria-Vet:Drogaria
^
D17/05'2008
MSANTO DESCANSO
T-57.98
PRestaurantes
LC1. Lazer-Estetica-Vestuario-Celular:Restaurantes
^
D17/05'2008
MCARREFOUR SPV 250
T-66.39
PSupermercado
LB1. Alimentacao-Drogaria-Vet:Mercado-Padaria-Vinhos
^
D17/05'2008
MREI DO OLEO
T-75.30
POutros
LF. Automoveis:Combustivel-Lavagem-Oleo
^
D18/05'2008
MIVANA GARDEN
T-91.52
PCombustível
LF. Automoveis:Combustivel-Lavagem-Oleo
^
D19/05'2008
MCAFE DE SAO PAULO
T-32.73
PRestaurantes
LC1. Lazer-Estetica-Vestuario-Celular:Restaurantes
^
D19/05'2008
MMAMMY GESTANTE IGU03/03
T-201.68
POutros
LC1. Lazer-Estetica-Vestuario-Celular:Vestuario Eduardo-Carla
^
D20/05'2008
MABADIA
T-17.91
PRestaurantes
LC1. Lazer-Estetica-Vestuario-Celular:Restaurantes
^
D20/05'2008
MDROGA RAIA F 106 03/03
T-31.71
PDrogaria
LB1. Alimentacao-Drogaria-Vet:Drogaria
^
D21/05'2008
MGIGANTE AUTO POSTO
T-9.28
PCombustível
LF. Automoveis:Combustivel-Lavagem-Oleo
^
D21/05'2008
MZEKA CABELEREIRO
T-70.00
PZeka Cabelereiro
LC1. Lazer-Estetica-Vestuario-Celular:Estetica-Massagem
^
D21/05'2008
MFUNFARRA 01/03
T-46.23
POutros
LE1. Extraordinarias (Ongoing):Presentes
^
D23/05'2008
MDOCEIRA OFNER
T-17.20
PRestaurantes
LC1. Lazer-Estetica-Vestuario-Celular:Restaurantes
^
D23/05'2008
MACOUGUE E DERIV
T-50.90
PAçougue
LB1. Alimentacao-Drogaria-Vet:Mercado-Padaria-Vinhos
^
D24/05'2008
MRI HAPPY BRINQUEDO03/03
T-30.00
PRi Happy
LE1. Extraordinarias (Ongoing):Presentes
^
D26/05'2008
METNA HOME STORE 02/06
T-99.96
POutros
LA1. Residencia Villas:Moveis
^
D26/05'2008
METNA HOME STORE 02/06
T-19.98
POutros
LA1. Residencia Villas:Moveis
^
D30/05'2008
M30/05 - FLORES ON LINE
T-50.80
POutros
LE1. Extraordinarias (Ongoing):Presentes
^
D30/05'2008
MAJUSTE DE CONTA
T-177.95
POutros
^
D30/05'2008
MRICHARDS 02/04
T-112.00
POutros
LC1. Lazer-Estetica-Vestuario-Celular:Vestuario Eduardo-Carla
^
D02/06'2008
MO BOTICARIO VILLA LOBO
T-11.90
POutros
LE1. Extraordinarias (Ongoing):Presentes
^
D02/06'2008
MDILETTO CALCADOS P02/03
T-106.66
POutros
LC1. Lazer-Estetica-Vestuario-Celular:Vestuario Eduardo-Carla
^
D03/06'2008
MSANTO DESCANSO
T-20.70
PRestaurantes
LC1. Lazer-Estetica-Vestuario-Celular:Restaurantes
^
D05/06'2008
MDECATHLON
T-24.99
PDecathlon
LC1. Lazer-Estetica-Vestuario-Celular:Vestuario Eduardo-Carla
^
D05/06'2008
MDROGA RAIA F 106 01/03
T-51.52
PDrogaria
LB1. Alimentacao-Drogaria-Vet:Drogaria
^
D05/06'2008
MPAO DE ACUCAR LJ 1207
T-159.90
PPao de Açucar
LB1. Alimentacao-Drogaria-Vet:Mercado-Padaria-Vinhos
^
D06/06'2008
MVICTOR HUGO 04/04
T-74.50
POutros
LE1. Extraordinarias (Ongoing):Presentes
^
D06/06'2008
MAREZZO IBIRAPUERA 02/04
T-139.95
PArezzo
LC1. Lazer-Estetica-Vestuario-Celular:Vestuario Eduardo-Carla
^
D07/06'2008
MAPPLEBEE S ELDORADO
T-143.11
PRestaurantes
LC1. Lazer-Estetica-Vestuario-Celular:Restaurantes
^
D07/06'2008
MLOJAS ZELO
T-39.00
PLojas
LC1. Lazer-Estetica-Vestuario-Celular:Vestuario Eduardo-Carla
^
D09/06'2008
MBEST BAG
T-44.85
POutros
LE1. Extraordinarias (Ongoing):Residencia Moveis-Eletro-Servicos
^
D10/06'2008
MEXTRA JAGUARE 135704/05
T-55.80
PExtra
LB1. Alimentacao-Drogaria-Vet:Mercado-Padaria-Vinhos
^
D10/06'2008
MANY ANY 02/04
T-119.00
POutros
LE1. Extraordinarias (Ongoing):Presentes
^
D10/06'2008
MBABY HOUSE TEODORO02/03
T-189.33
POutros
LA1. Residencia Villas:Moveis
^
D11/06'2008
MZARA IBIRAPUERA 03/03
T-221.68
PZara
LC1. Lazer-Estetica-Vestuario-Celular:Vestuario Eduardo-Carla
^
D12/06'2008
MCARTAO PERSONNALITE
T3,066.15
PMastercard Personnalite
L[Itau Personnalité]
^
D12/06'2008
METNA HOME STORE 01/06
T-66.47
POutros
LA1. Residencia Villas:Moveis
^
D13/06'2008
MZEKA CABELEREIRO
T-342.00
PZeka Cabelereiro
LC1. Lazer-Estetica-Vestuario-Celular:Estetica-Massagem
^
D14/06'2008
MRESTAURANTE SUPRA
T-310.14
PRestaurantes
LC1. Lazer-Estetica-Vestuario-Celular:Restaurantes
^
D14/06'2008
MSANTO DESCANSO
T-50.89
PRestaurantes
LC1. Lazer-Estetica-Vestuario-Celular:Restaurantes
^
D16/06'2008
MMAGIA DOS SABORES
T-6.24
PRestaurantes
LC1. Lazer-Estetica-Vestuario-Celular:Restaurantes
^
D16/06'2008
MPAO DE ACUCAR LJ 2349
T-196.96
PPao de Açucar
LB1. Alimentacao-Drogaria-Vet:Mercado-Padaria-Vinhos
^
D16/06'2008
MDROGARIA SAO PAULO01/02
T-39.49
PDrogaria
LB1. Alimentacao-Drogaria-Vet:Drogaria
^
D17/06'2008
MTHAI HO
T-13.56
PRestaurantes
LC1. Lazer-Estetica-Vestuario-Celular:Restaurantes
^
D17/06'2008
MPOSTO UNIVERSITARIOS
T-30.00
PCombustível
LF. Automoveis:Combustivel-Lavagem-Oleo
^
D17/06'2008
MPAYPAL *ROBOFORM
T-46.27
POutros
LE2. Extraordinarias (One Time):Outras
^
D17/06'2008
MPP *1196 EXPUSE
T-3.13
POutros
LC1. Lazer-Estetica-Vestuario-Celular:Vestuario Eduardo-Carla
^
D18/06'2008
MC&C CASA E CONSTRU01/03
T-60.26
PC&C
LA1. Residencia Villas:Moveis
^
D18/06'2008
MDROGASIL LJ 170
T-43.38
PDrogaria
LB1. Alimentacao-Drogaria-Vet:Drogaria
^
D18/06'2008
MZARA IBIRAPUERA 01/03
T-85.66
PZara
LC1. Lazer-Estetica-Vestuario-Celular:Vestuario Eduardo-Carla
^
D18/06'2008
MRESTAURANTE TAKEDA
T-36.00
PRestaurantes
LC1. Lazer-Estetica-Vestuario-Celular:Restaurantes
^
D19/06'2008
MLEROY MERLIN RAPOSO
T-18.97
PLeroy Merlin
LE1. Extraordinarias (Ongoing):Reforma Vilas
^
D19/06'2008
MVILA PIZZE E PANINI
T-24.00
PRestaurantes
LC1. Lazer-Estetica-Vestuario-Celular:Restaurantes
^
D20/06'2008
MC&C CASA E CONS
T-49.80
PC&C
LA1. Residencia Villas:Moveis
^
D21/06'2008
MZEKA CABELEREIR
T-51.00
PZeka Cabelereiro
LC1. Lazer-Estetica-Vestuario-Celular:Estetica-Massagem
^
D21/06'2008
MFUNFARRA 02/03
T-46.23
POutros
LE1. Extraordinarias (Ongoing):Presentes
^
D24/06'2008
MPROJECT MANAGEMENT INS
T-207.70
POutros
LB2. Educacao (Mensal):Cursos Eduardo-Carla
^
D25/06'2008
MSUPERMERCADO SANTA FE
T-14.07
PSupermercado
LB1. Alimentacao-Drogaria-Vet:Mercado-Padaria-Vinhos
^
D25/06'2008
MPAO DE ACUCAR LJ 1248
T-101.38
PPao de Açucar
LB1. Alimentacao-Drogaria-Vet:Mercado-Padaria-Vinhos
^
D25/06'2008
MPROJECT MGMT INSTITUTE - PMI EXAM
T-402.50
POutros
LB2. Educacao (Mensal):Cursos Eduardo-Carla
^
D26/06'2008
METNA HOME STORE 03/06
T-99.96
POutros
LA1. Residencia Villas:Moveis
^
D26/06'2008
METNA HOME STORE 03/06
T-19.98
POutros
LA1. Residencia Villas:Moveis
^
D28/06'2008
MSUPERMERCADOS MAMBO
T-252.95
PMambo Supermercado
LB1. Alimentacao-Drogaria-Vet:Mercado-Padaria-Vinhos
^
D29/06'2008
MMASSAS RICCI
T-15.00
PRestaurantes
LC1. Lazer-Estetica-Vestuario-Celular:Restaurantes
^
D30/06'2008
MCARREFOUR SPV 250
T-85.03
PSupermercado
LB1. Alimentacao-Drogaria-Vet:Mercado-Padaria-Vinhos
^
D30/06'2008
MIMPOSTO COMPRA INT-IOF - 1/07
T-15.69
PGoverno
LH. Impostos Federais:CPMF-IOF
^
D30/06'2008
MRICHARDS 03/04
T-112.00
POutros
LC1. Lazer-Estetica-Vestuario-Celular:Vestuario Eduardo-Carla
^
D02/07'2008
MPUC IBIRAPUERA
T-167.70
POutros
LC1. Lazer-Estetica-Vestuario-Celular:Vestuario Eduardo-Carla
^
D02/07'2008
MZELO 01/03
T-26.00
POutros
LC1. Lazer-Estetica-Vestuario-Celular:Vestuario Eduardo-Carla
^
D02/07'2008
MDILETTO CALCADOS P03/03
T-106.66
POutros
LC1. Lazer-Estetica-Vestuario-Celular:Vestuario Eduardo-Carla
^
D03/07'2008
MFAST SHOP - TV LCD 32
T-899.00
POutros
LA1. Residencia Villas:Moveis
^
D03/07'2008
MDROGA RAIA F 106
T-118.37
PDrogaria
LB1. Alimentacao-Drogaria-Vet:Drogaria
^
D05/07'2008
MMADEIRAS PINHEIRO
T-250.00
POutros
LA1. Residencia Villas:Moveis
^
D05/07'2008
MMADEIRAS PINHEIRO
T-59.70
POutros
LA1. Residencia Villas:Moveis
^
D05/07'2008
MDROGA RAIA F 106 02/03
T-51.52
PDrogaria
LB1. Alimentacao-Drogaria-Vet:Drogaria
^
D05/07'2008
MMERCEARIA SAO FRANCISC
T-48.22
PSupermercado
LB1. Alimentacao-Drogaria-Vet:Mercado-Padaria-Vinhos
^
D06/07'2008
MAREZZO IBIRAPUERA 03/04
T-139.95
PArezzo
LC1. Lazer-Estetica-Vestuario-Celular:Vestuario Eduardo-Carla
^
D07/07'2008
MMULTICOISAS
T-26.80
POutros
LA1. Residencia Villas:Moveis
^
D07/07'2008
MHAVANA
T-7.00
PRestaurantes
LC1. Lazer-Estetica-Vestuario-Celular:Restaurantes
^
D07/07'2008
MGALETO S MORUMBI 03
T-47.44
PRestaurantes
LC1. Lazer-Estetica-Vestuario-Celular:Restaurantes
^
D07/07'2008
M5 A SEC COLINA SAO FCO
T-156.00
PIG Lavanderia
LE1. Extraordinarias (Ongoing):Residencia Moveis-Eletro-Servicos
^
D07/07'2008
MO BOTICARIO
T-63.60
POutros
LE1. Extraordinarias (Ongoing):Presentes
^
D09/07'2008
MAUTO PARK
T-80.00
PEstapar
LE1. Extraordinarias (Ongoing):Taxi-Estacionamento
^
D09/07'2008
MVIENA ALBERT EINSTEIN
T-24.45
PRestaurantes
LC1. Lazer-Estetica-Vestuario-Celular:Restaurantes
^
D09/07'2008
MLEO MADEIRAS LJ 201/03
T-37.64
POutros
LA1. Residencia Villas:Moveis
^
D10/07'2008
MEXTRA JAGUARE 135705/05
T-55.80
PExtra
LB1. Alimentacao-Drogaria-Vet:Mercado-Padaria-Vinhos
^
D10/07'2008
MANY ANY 03/04
T-119.00
POutros
LE1. Extraordinarias (Ongoing):Presentes
^
D10/07'2008
MBABY HOUSE TEODORO03/03
T-189.34
POutros
LA1. Residencia Villas:Moveis
^
D11/07'2008
MVIENA ALBERT EINSTEIN
T-47.05
PRestaurantes
LC1. Lazer-Estetica-Vestuario-Celular:Restaurantes
^
D12/07'2008
MVIENA ALBERT EINSTEIN
T-32.55
PRestaurantes
LC1. Lazer-Estetica-Vestuario-Celular:Restaurantes
^
D12/07'2008
METNA HOME STORE 02/06
T-66.47
POutros
LA1. Residencia Villas:Moveis
^
D13/07'2008
MVIENA ALBERT EINSTEIN
T-21.90
PRestaurantes
LC1. Lazer-Estetica-Vestuario-Celular:Restaurantes
^
D14/07'2008
MCARTAO PERSONNALITE
T4,249.60
PMastercard Personnalite
L[Itau Personnalité]
^
D15/07'2008
MAUTO PARK
T-80.00
PEstapar
LE1. Extraordinarias (Ongoing):Taxi-Estacionamento
^
D15/07'2008
MDROGA RAIA F 106
T-59.40
PDrogaria
LB1. Alimentacao-Drogaria-Vet:Drogaria
^
D16/07'2008
MVIENA ALBERT EINSTEIN
T-45.75
PRestaurantes
LC1. Lazer-Estetica-Vestuario-Celular:Restaurantes
^
D16/07'2008
MVIENA ALBERT EINSTEIN
T-37.05
PRestaurantes
LC1. Lazer-Estetica-Vestuario-Celular:Restaurantes
^
D16/07'2008
MDROGARIA SAO PAULO02/02
T-39.50
PDrogaria
LB1. Alimentacao-Drogaria-Vet:Drogaria
^
D17/07'2008
MVIENA ALBERT EINSTEIN
T-45.75
PRestaurantes
LC1. Lazer-Estetica-Vestuario-Celular:Restaurantes
^
D17/07'2008
MVIENA ALBERT EINSTEIN
T-42.45
PRestaurantes
LC1. Lazer-Estetica-Vestuario-Celular:Restaurantes
^
D18/07'2008
MVIENA ALBERT EINSTEIN
T-45.75
PRestaurantes
LC1. Lazer-Estetica-Vestuario-Celular:Restaurantes
^
D18/07'2008
MDROGA RAIA F 106
T-33.85
PDrogaria
LB1. Alimentacao-Drogaria-Vet:Drogaria
^
D18/07'2008
MC&C CASA E CONSTRU02/03
T-60.26
PC&C
LA1. Residencia Villas:Moveis
^
D18/07'2008
MALO BEBE 01/03
T-44.83
POutros
LA1. Residencia Villas:Moveis
^
D18/07'2008
MCASAS BAHIA 01/05
T-51.20
POutros
LA1. Residencia Villas:Moveis
^
D18/07'2008
MZARA IBIRAPUERA 02/03
T-85.66
PZara
LC1. Lazer-Estetica-Vestuario-Celular:Vestuario Eduardo-Carla
^
D19/07'2008
MSUPERMERCADOS MAMBO
T-379.12
PMambo Supermercado
LB1. Alimentacao-Drogaria-Vet:Mercado-Padaria-Vinhos
^
D20/07'2008
MCARREFOUR SPV 250
T-115.11
PSupermercado
LB1. Alimentacao-Drogaria-Vet:Mercado-Padaria-Vinhos
^
D21/07'2008
MFUNFARRA 03/03
T-46.24
POutros
LE1. Extraordinarias (Ongoing):Presentes
^
D26/07'2008
METNA HOME STORE 04/06
T-99.96
POutros
LA1. Residencia Villas:Moveis
^
D26/07'2008
METNA HOME STORE 04/06
T-19.98
POutros
LA1. Residencia Villas:Moveis
^
D29/07'2008
MCARREFOUR SPV 250
T-180.79
PSupermercado
LB1. Alimentacao-Drogaria-Vet:Mercado-Padaria-Vinhos
^
D29/07'2008
MCARREFOUR SPV 250
T-23.65
PSupermercado
LB1. Alimentacao-Drogaria-Vet:Mercado-Padaria-Vinhos
^
D30/07'2008
MLEROY MERLIN
T-76.10
PLeroy Merlin
LE1. Extraordinarias (Ongoing):Residencia Moveis-Eletro-Servicos
^
D30/07'2008
MVILA PIZZE E PA
T-24.00
PRestaurantes
LC1. Lazer-Estetica-Vestuario-Celular:Restaurantes
^
D01/08'2008
MLOCAWEB TRIMESTRAL PARA INTERCEPTI
T-137.00
POutros
LG. Reembolsaveis:Despesas de Trabalho
^
D02/08'2008
M02/08 - EST DIF COT DOLAR
T4.19
PMastercard Personnalite
LB. Outras Receitas:Ajustes
^
D02/08'2008
MZELO 02/03
T-26.00
POutros
LC1. Lazer-Estetica-Vestuario-Celular:Vestuario Eduardo-Carla
^
D04/08'2008
MART KILO
T-11.45
PRestaurantes
LC1. Lazer-Estetica-Vestuario-Celular:Restaurantes
^
D04/08'2008
MVILA ROMANA SUL NW01/04
T-102.42
PVila Romana
LC1. Lazer-Estetica-Vestuario-Celular:Vestuario Eduardo-Carla
^
D05/08'2008
MDROGA RAIA F 106 03/03
T-51.54
PDrogaria
LB1. Alimentacao-Drogaria-Vet:Drogaria
^
D06/08'2008
MSUPERMERCADOS MAMBO
T-476.50
PMambo Supermercado
LB1. Alimentacao-Drogaria-Vet:Mercado-Padaria-Vinhos
^
D06/08'2008
MAREZZO IBIRAPUERA 04/04
T-139.95
PArezzo
LC1. Lazer-Estetica-Vestuario-Celular:Vestuario Eduardo-Carla
^
D07/08'2008
MEXTRA JAGUARE 1357
T-32.36
PExtra
LB1. Alimentacao-Drogaria-Vet:Mercado-Padaria-Vinhos
^
D07/08'2008
MYACHTSMAN 01/03
T-49.90
POutros
LE1. Extraordinarias (Ongoing):Presentes
^
D07/08'2008
MZELO 01/03
T-23.00
POutros
LC1. Lazer-Estetica-Vestuario-Celular:Vestuario Eduardo-Carla
^
D07/08'2008
MZARA IBIRAPUERA 01/05
T-112.00
PZara
LC1. Lazer-Estetica-Vestuario-Celular:Vestuario Eduardo-Carla
^
D09/08'2008
MSUPERMERCADOS MAMBO
T-61.95
PMambo Supermercado
LB1. Alimentacao-Drogaria-Vet:Mercado-Padaria-Vinhos
^
D09/08'2008
MLEO MADEIRAS LJ 202/03
T-37.64
POutros
LA1. Residencia Villas:Moveis
^
D10/08'2008
MANY ANY 04/04
T-119.00
POutros
LE1. Extraordinarias (Ongoing):Presentes
^
D11/08'2008
MESTAPAR ESTAC
T-10.50
PEstapar
LE1. Extraordinarias (Ongoing):Taxi-Estacionamento
^
D12/08'2008
MCARTAO PERSONNALITE
T4,723.37
PMastercard Personnalite
L[Itau Personnalité]
^
D12/08'2008
MDROGASIL LJ 170
T-37.27
PDrogaria
LB1. Alimentacao-Drogaria-Vet:Drogaria
^
D12/08'2008
MBELLO RESTAURANTE
T-17.00
PRestaurantes
LC1. Lazer-Estetica-Vestuario-Celular:Restaurantes
^
D12/08'2008
MPIRLIMPIMPIM
T-42.00
POutros
LC1. Lazer-Estetica-Vestuario-Celular:Vestuario Eduardo-Carla
^
D12/08'2008
MHERING 01/03
T-122.95
POutros
LC1. Lazer-Estetica-Vestuario-Celular:Vestuario Eduardo-Carla
^
D12/08'2008
MC&A 275
T-49.80
POutros
LC1. Lazer-Estetica-Vestuario-Celular:Vestuario Eduardo-Carla
^
D12/08'2008
METNA HOME STORE 03/06
T-66.47
POutros
LA1. Residencia Villas:Moveis
^
D12/08'2008
MPIRLIMPIMPIM
T-118.00
POutros
LC1. Lazer-Estetica-Vestuario-Celular:Vestuario Eduardo-Carla
^
D13/08'2008
MBAKED POTATO
T-23.70
PRestaurantes
LC1. Lazer-Estetica-Vestuario-Celular:Restaurantes
^
D14/08'2008
MCITRINO
T-33.88
PRestaurantes
LC1. Lazer-Estetica-Vestuario-Celular:Restaurantes
^
D15/08'2008
MNAKOMBI
T-59.40
PRestaurantes
LC1. Lazer-Estetica-Vestuario-Celular:Restaurantes
^
D15/08'2008
MYARA STUART
T-208.00
POutros
LC1. Lazer-Estetica-Vestuario-Celular:Vestuario Eduardo-Carla
^
D15/08'2008
MDE CANTO EM CANTO 01/03
T-216.00
POutros
LC1. Lazer-Estetica-Vestuario-Celular:Vestuario Eduardo-Carla
^
D16/08'2008
MFARMA & CIA
T-15.95
PDrogaria
LB1. Alimentacao-Drogaria-Vet:Drogaria
^
D16/08'2008
MFARMA & CIA
T-28.80
PDrogaria
LB1. Alimentacao-Drogaria-Vet:Drogaria
^
D16/08'2008
MFARMA & CIA
T-15.00
PDrogaria
LB1. Alimentacao-Drogaria-Vet:Drogaria
^
D17/08'2008
MRESTAURANTE HIRO
T-61.60
PRestaurantes
LC1. Lazer-Estetica-Vestuario-Celular:Restaurantes
^
D18/08'2008
MC&C CASA E CONSTRU03/03
T-60.27
PC&C
LA1. Residencia Villas:Moveis
^
D18/08'2008
MALO BEBE 02/03
T-44.83
POutros
LC1. Lazer-Estetica-Vestuario-Celular:Vestuario Eduardo-Carla
^
D18/08'2008
MCASAS BAHIA 02/05
T-51.20
POutros
LA1. Residencia Villas:Moveis
^
D18/08'2008
MZARA IBIRAPUERA 03/03
T-85.68
PZara
LC1. Lazer-Estetica-Vestuario-Celular:Vestuario Eduardo-Carla
^
D18/08'2008
MBELLO RESTAURANTE
T-12.84
PRestaurantes
LC1. Lazer-Estetica-Vestuario-Celular:Restaurantes
^
D18/08'2008
MPUKET VILLA LOBOS
T-51.00
POutros
LC1. Lazer-Estetica-Vestuario-Celular:Vestuario Eduardo-Carla
^
D19/08'2008
MNAPOLEAO TAKESHITA
T-74.80
POutros
LE2. Extraordinarias (One Time):Outras
^
D19/08'2008
MZEKA CABELEREIRO
T-32.00
PZeka Cabelereiro
LC1. Lazer-Estetica-Vestuario-Celular:Estetica-Massagem
^
D20/08'2008
MARAK
T-18.25
PRestaurantes
LC1. Lazer-Estetica-Vestuario-Celular:Restaurantes
^
D20/08'2008
MREDE ESTAPAR ESTAC
T-15.40
PEstapar
LE1. Extraordinarias (Ongoing):Taxi-Estacionamento
^
D21/08'2008
MREDE ESTAPAR ESTAC
T-15.40
PEstapar
LE1. Extraordinarias (Ongoing):Taxi-Estacionamento
^
D21/08'2008
MPHILADELFIA
T-27.06
PRestaurantes
LC1. Lazer-Estetica-Vestuario-Celular:Restaurantes
^
D21/08'2008
MDROGASIL LJ 170
T-54.93
PDrogaria
LB1. Alimentacao-Drogaria-Vet:Drogaria
^
D22/08'2008
MREDE ESTAPAR ESTAC
T-15.40
PEstapar
LE1. Extraordinarias (Ongoing):Taxi-Estacionamento
^
D22/08'2008
MARAK
T-19.50
PRestaurantes
LC1. Lazer-Estetica-Vestuario-Celular:Restaurantes
^
D22/08'2008
MDROGASIL LJ 170
T-66.74
PDrogaria
LB1. Alimentacao-Drogaria-Vet:Drogaria
^
D23/08'2008
MBAKED POTATOR
T-31.40
PRestaurantes
LC1. Lazer-Estetica-Vestuario-Celular:Restaurantes
^
D24/08'2008
MPAO DO PARQUE
T-11.87
PPao do Parque
LB1. Alimentacao-Drogaria-Vet:Mercado-Padaria-Vinhos
^
D25/08'2008
MDROGA ALETA
T-20.87
PDrogaria
LB1. Alimentacao-Drogaria-Vet:Drogaria
^
D25/08'2008
MREDE ESTAPAR ESTAC
T-15.40
PEstapar
LE1. Extraordinarias (Ongoing):Taxi-Estacionamento
^
D25/08'2008
MFRANGO D OURO CHUR
T-20.50
PRestaurantes
LC1. Lazer-Estetica-Vestuario-Celular:Restaurantes
^
D26/08'2008
METNA HOME STORE 05/06
T-99.96
POutros
LA1. Residencia Villas:Moveis
^
D26/08'2008
METNA HOME STORE 05/06
T-19.98
POutros
LA1. Residencia Villas:Moveis
^
D26/08'2008
MREDE ESTAPAR ESTAC
T-15.40
PEstapar
LE1. Extraordinarias (Ongoing):Taxi-Estacionamento
^
D26/08'2008
MPHILADELFIA
T-16.90
PRestaurantes
LC1. Lazer-Estetica-Vestuario-Celular:Restaurantes
^
D26/08'2008
MDROGASIL SA LJ 058
T-41.80
PDrogaria
LB1. Alimentacao-Drogaria-Vet:Drogaria
^
D26/08'2008
MEXTRA JAGUARE 1357
T-506.65
PExtra
LB1. Alimentacao-Drogaria-Vet:Mercado-Padaria-Vinhos
^
D27/08'2008
MREDE ESTAPAR ESTAC
T-15.40
PEstapar
LE1. Extraordinarias (Ongoing):Taxi-Estacionamento
^
D27/08'2008
MRESTAURANTE PIAZZA
T-19.10
PRestaurantes
LC1. Lazer-Estetica-Vestuario-Celular:Restaurantes
^
D28/08'2008
MKOPENHAGEN EMPRESARIA
T-6.90
PRestaurantes
LC1. Lazer-Estetica-Vestuario-Celular:Restaurantes
^
D28/08'2008
MREDE ESTAPAR ESTAC
T-15.40
PEstapar
LE1. Extraordinarias (Ongoing):Taxi-Estacionamento
^
D29/08'2008
MREDE ESTAPAR ESTAC
T-15.40
PEstapar
LE1. Extraordinarias (Ongoing):Taxi-Estacionamento
^
D29/08'2008
MDAISSUKI FAST FOOD
T-26.80
PRestaurantes
LC1. Lazer-Estetica-Vestuario-Celular:Restaurantes
^
D29/08'2008
MDAISSUKI FAST F
T-26.80
PRestaurantes
LC1. Lazer-Estetica-Vestuario-Celular:Restaurantes
^
D30/08'2008
MRICHARDS 04/04
T-112.00
POutros
LC1. Lazer-Estetica-Vestuario-Celular:Vestuario Eduardo-Carla
^
D30/08'2008
MTADAMASSA YAMAD
T-80.00
POutros
LC1. Lazer-Estetica-Vestuario-Celular:Estetica-Massagem
^
D01/09'2008
MFRANGO D OURO CHUR
T-7.90
PRestaurantes
LC1. Lazer-Estetica-Vestuario-Celular:Restaurantes
^
D01/09'2008
MREDE ESTAPAR ESTAC
T-15.40
PEstapar
LE1. Extraordinarias (Ongoing):Taxi-Estacionamento
^
D01/09'2008
T91.60
POutros
LB. Outras Receitas:Ajustes
^
D02/09'2008
MPHILADELFIA
T-30.80
PRestaurantes
LC1. Lazer-Estetica-Vestuario-Celular:Restaurantes
^
D02/09'2008
MO BOTICARIO
T-34.90
PDrogaria
LB1. Alimentacao-Drogaria-Vet:Drogaria
^
D02/09'2008
MDROGA RAIA F 106
T-93.09
PDrogaria
LB1. Alimentacao-Drogaria-Vet:Drogaria
^
D02/09'2008
MDROGASIL LJ 170
T-51.60
PDrogaria
LB1. Alimentacao-Drogaria-Vet:Drogaria
^
D02/09'2008
MZELO 03/03
T-26.00
POutros
LC1. Lazer-Estetica-Vestuario-Celular:Vestuario Eduardo-Carla
^
D02/09'2008
MSANTE
T-7.90
PRestaurantes
LC1. Lazer-Estetica-Vestuario-Celular:Restaurantes
^
D02/09'2008
MREDE ESTAPAR ESTAC
T-15.40
PEstapar
LE1. Extraordinarias (Ongoing):Taxi-Estacionamento
^
D03/09'2008
MDROGA RAIA F 106
T-34.77
PDrogaria
LB1. Alimentacao-Drogaria-Vet:Drogaria
^
D04/09'2008
MEXTRA JAGUARE 1357
T-194.68
PExtra
LB1. Alimentacao-Drogaria-Vet:Mercado-Padaria-Vinhos
^
D04/09'2008
MVILA ROMANA SUL NW02/04
T-102.42
PVila Romana
LC1. Lazer-Estetica-Vestuario-Celular:Vestuario Eduardo-Carla
^
D05/09'2008
MGRILL HALL P CARNE CHU
T-114.53
PRestaurantes
LC1. Lazer-Estetica-Vestuario-Celular:Restaurantes
^
D05/09'2008
MFRUTARIA COLLINAS
T-43.84
PSupermercado
LB1. Alimentacao-Drogaria-Vet:Mercado-Padaria-Vinhos
^
D07/09'2008
MYACHTSMAN 02/03
T-49.90
POutros
LC1. Lazer-Estetica-Vestuario-Celular:Vestuario Eduardo-Carla
^
D07/09'2008
MZELO 02/03
T-23.00
POutros
LC1. Lazer-Estetica-Vestuario-Celular:Vestuario Eduardo-Carla
^
D07/09'2008
MZARA IBIRAPUERA 02/05
T-112.00
PZara
LC1. Lazer-Estetica-Vestuario-Celular:Vestuario Eduardo-Carla
^
D08/09'2008
MREDE ESTAPAR ESTAC
T-15.40
PEstapar
LE1. Extraordinarias (Ongoing):Taxi-Estacionamento
^
D08/09'2008
MKOPENHAGEN EMPRESARIA
T-2.40
PRestaurantes
LC1. Lazer-Estetica-Vestuario-Celular:Restaurantes
^
D09/09'2008
MREDE ESTAPAR ESTAC
T-15.40
PEstapar
LE1. Extraordinarias (Ongoing):Taxi-Estacionamento
^
D09/09'2008
MLEO MADEIRAS LJ 203/03
T-37.65
POutros
LA1. Residencia Villas:Moveis
^
D10/09'2008
MCENTRO MEDICO PEIXOTO
T-9.10
PEstapar
LE1. Extraordinarias (Ongoing):Taxi-Estacionamento
^
D10/09'2008
MRI HAPPY BRINQUEDOS
T-51.99
PRi Happy
LE1. Extraordinarias (Ongoing):Presentes
^
D11/09'2008
MPAO DO PARQUE
T-32.01
PPao do Parque
LB1. Alimentacao-Drogaria-Vet:Mercado-Padaria-Vinhos
^
D11/09'2008
MACOUGUE E DERIVADOS
T-57.84
PAçougue
LB1. Alimentacao-Drogaria-Vet:Mercado-Padaria-Vinhos
^
D11/09'2008
MMERCEARIA SAO FRANCISC
T-11.05
PSupermercado
LB1. Alimentacao-Drogaria-Vet:Mercado-Padaria-Vinhos
^
D12/09'2008
MCARTAO PERSONNALITE
T4,065.56
PMastercard Personnalite
L[Itau Personnalité]
^
D12/09'2008
MDROGASIL LJ 170
T-48.80
PDrogaria
LB1. Alimentacao-Drogaria-Vet:Drogaria
^
D12/09'2008
METNA HOME STORE 04/06
T-66.47
POutros
LA1. Residencia Villas:Moveis
^
D12/09'2008
MDROGASIL SA LJ 058
T-68.28
PDrogaria
LB1. Alimentacao-Drogaria-Vet:Drogaria
^
D12/09'2008
MHERING 02/03
T-122.95
POutros
LC1. Lazer-Estetica-Vestuario-Celular:Vestuario Eduardo-Carla
^
D13/09'2008
MZEKA CABELEREIRO
T-85.00
PZeka Cabelereiro
LC1. Lazer-Estetica-Vestuario-Celular:Estetica-Massagem
^
D15/09'2008
MFRAN S CAFE STATION AC
T-3.50
PRestaurantes
LC1. Lazer-Estetica-Vestuario-Celular:Restaurantes
^
D15/09'2008
MDE CANTO EM CANTO 02/03
T-216.00
POutros
LC1. Lazer-Estetica-Vestuario-Celular:Vestuario Eduardo-Carla
^
D16/09'2008
MESTAPAR ESPM 1
T-10.00
PEstapar
LE1. Extraordinarias (Ongoing):Taxi-Estacionamento
^
D17/09'2008
MRASCAL SH HIGIE
T-53.57
PRestaurantes
LC1. Lazer-Estetica-Vestuario-Celular:Restaurantes
^
D18/09'2008
MALO BEBE 03/03
T-44.84
POutros
LC1. Lazer-Estetica-Vestuario-Celular:Vestuario Eduardo-Carla
^
D18/09'2008
MCASAS BAHIA 03/05
T-51.20
POutros
LA1. Residencia Villas:Moveis
^
D18/09'2008
MBELLO RESTAURANTE
T-15.32
PRestaurantes
LC1. Lazer-Estetica-Vestuario-Celular:Restaurantes
^
D18/09'2008
M18/09 - DOMAIN NAME REGISTRATI
T-58.10
POutros
LG. Reembolsaveis:Despesas de Trabalho
^
D19/09'2008
MEXTRA JAGUARE 1357
T-390.40
PExtra
LB1. Alimentacao-Drogaria-Vet:Mercado-Padaria-Vinhos
^
D19/09'2008
MRESTAURANTE MOURA NUNE
T-11.46
PRestaurantes
LC1. Lazer-Estetica-Vestuario-Celular:Restaurantes
^
D20/09'2008
MSANTO DESCANSO
T-67.86
PRestaurantes
LC1. Lazer-Estetica-Vestuario-Celular:Restaurantes
^
D22/09'2008
MRESTAURANTE MOURA NUNE
T-14.13
PRestaurantes
LC1. Lazer-Estetica-Vestuario-Celular:Restaurantes
^
D23/09'2008
MBELLO RESTAURANTE
T-17.44
PRestaurantes
LC1. Lazer-Estetica-Vestuario-Celular:Restaurantes
^
D23/09'2008
MSANTO DESCANSO
T-12.20
PRestaurantes
LC1. Lazer-Estetica-Vestuario-Celular:Restaurantes
^
D24/09'2008
MABADIA
T-20.45
PRestaurantes
LC1. Lazer-Estetica-Vestuario-Celular:Restaurantes
^
D25/09'2008
MCITRINO
T-50.06
PRestaurantes
LC1. Lazer-Estetica-Vestuario-Celular:Restaurantes
^
D26/09'2008
METNA HOME STORE 06/06
T-100.00
POutros
LA1. Residencia Villas:Moveis
^
D26/09'2008
METNA HOME STORE 06/06
T-20.00
POutros
LA1. Residencia Villas:Moveis
^
D26/09'2008
MDROGA RAIA F 106
T-106.03
PDrogaria
LB1. Alimentacao-Drogaria-Vet:Drogaria
^
D26/09'2008
MPAO DO PARQUE
T-11.83
PPao do Parque
LB1. Alimentacao-Drogaria-Vet:Mercado-Padaria-Vinhos
^
D26/09'2008
MWIPE PASTA E GRILL
T-30.91
PRestaurantes
LC1. Lazer-Estetica-Vestuario-Celular:Restaurantes
^
D29/09'2008
MDROGA RAIA F 106
T-42.28
PDrogaria
LB1. Alimentacao-Drogaria-Vet:Drogaria
^
D01/10'2008
M01/10 - IMPOSTO COMPRA INT-IOF
T-1.38
PGoverno
LH. Impostos Federais:CPMF-IOF
^
D01/10'2008
MZARAPEUSTAS
T-15.32
PRestaurantes
LC1. Lazer-Estetica-Vestuario-Celular:Restaurantes
^
D03/10'2008
MDROGASIL LJ 170
T-59.85
PDrogaria
LB1. Alimentacao-Drogaria-Vet:Drogaria
^
D04/10'2008
MSANTO DESCANSO
T-58.25
PRestaurantes
LC1. Lazer-Estetica-Vestuario-Celular:Restaurantes
^
D04/10'2008
MVILA ROMANA SUL N 03/04
T-102.42
PVila Romana
LC1. Lazer-Estetica-Vestuario-Celular:Vestuario Eduardo-Carla
^
D07/10'2008
MZELO 03/03
T-23.00
POutros
LC1. Lazer-Estetica-Vestuario-Celular:Vestuario Eduardo-Carla
^
D07/10'2008
MZARA IBIRAPUERA 03/05
T-112.00
PZara
LC1. Lazer-Estetica-Vestuario-Celular:Vestuario Eduardo-Carla
^
D07/10'2008
MYACHTSMAN 03/03
T-49.90
POutros
LE1. Extraordinarias (Ongoing):Presentes
^
D08/10'2008
MANDIAMO ROCIO
T-44.77
PRestaurantes
LC1. Lazer-Estetica-Vestuario-Celular:Restaurantes
^
D08/10'2008
MZARAPEUSTAS
T-18.71
PRestaurantes
LC1. Lazer-Estetica-Vestuario-Celular:Restaurantes
^
D09/10'2008
MZARAPEUSTAS
T-18.09
PRestaurantes
LC1. Lazer-Estetica-Vestuario-Celular:Restaurantes
^
D09/10'2008
MZEKA CABELEREIRO
T-104.00
PZeka Cabelereiro
LC1. Lazer-Estetica-Vestuario-Celular:Estetica-Massagem
^
D11/10'2008
MLUPO VILLA LOBOS
T-45.80
POutros
LC1. Lazer-Estetica-Vestuario-Celular:Vestuario Eduardo-Carla
^
D12/10'2008
MHERING 03/03
T-122.95
POutros
LC1. Lazer-Estetica-Vestuario-Celular:Vestuario Eduardo-Carla
^
D12/10'2008
METNA HOME STORE 05/06
T-66.47
POutros
LA1. Residencia Villas:Moveis
^
D13/10'2008
MCARTAO PERSONNALITE
T2,908.13
PMastercard Personnalite
L[Itau Personnalité]
^
D13/10'2008
MDROGASIL LJ 170
T-98.66
PDrogaria
LB1. Alimentacao-Drogaria-Vet:Drogaria
^
D15/10'2008
MTEMAKI BY NORU
T-22.00
PRestaurantes
LC1. Lazer-Estetica-Vestuario-Celular:Restaurantes
^
D15/10'2008
MDE CANTO EM CANTO 03/03
T-216.00
POutros
LA1. Residencia Villas:Moveis
^
D16/10'2008
MPHILADELFIA
T-28.58
PRestaurantes
LC1. Lazer-Estetica-Vestuario-Celular:Restaurantes
^
D16/10'2008
MSTAR 008
T-14.60
PRestaurantes
LC1. Lazer-Estetica-Vestuario-Celular:Restaurantes
^
D18/10'2008
MCASAS BAHIA 04/05
T-51.20
POutros
LA1. Residencia Villas:Moveis
^
D20/10'2008
MZARAPEUSTAS
T-22.91
PRestaurantes
LC1. Lazer-Estetica-Vestuario-Celular:Restaurantes
^
D20/10'2008
MPARRILLA ARGENTINA
T-65.29
PRestaurantes
LC1. Lazer-Estetica-Vestuario-Celular:Restaurantes
^
D21/10'2008
MPHOTO CENTER
T-45.00
POutros
LE1. Extraordinarias (Ongoing):Residencia Moveis-Eletro-Servicos
^
D22/10'2008
MDONA DEOLA
T-11.30
PRestaurantes
LC1. Lazer-Estetica-Vestuario-Celular:Restaurantes
^
D22/10'2008
MAMERICA VILLA LOBOS
T-37.70
PRestaurantes
LC1. Lazer-Estetica-Vestuario-Celular:Restaurantes
^
D23/10'2008
MRECANTO DA VITORIA
T-152.07
PRestaurantes
LC1. Lazer-Estetica-Vestuario-Celular:Restaurantes
^
D23/10'2008
MREDE ESTAPAR ESTAC
T-15.40
PEstapar
LE1. Extraordinarias (Ongoing):Taxi-Estacionamento
^
D23/10'2008
MHOSP ALBERT EINST 01/03
T-109.18
PHospital Albert Einstein
LG. Reembolsaveis:Medicos-Clinicas-Exames
^
D24/10'2008
MDROGA ALETA
T-14.39
PDrogaria
LB1. Alimentacao-Drogaria-Vet:Drogaria
^
D24/10'2008
MFRANGO D OURO CHUR
T-7.90
PRestaurantes
LC1. Lazer-Estetica-Vestuario-Celular:Restaurantes
^
D27/10'2008
MRI HAPPY BRINQUEDOS
T-59.99
PRi Happy
LE1. Extraordinarias (Ongoing):Presentes
^
D27/10'2008
MWIPE PASTA E GRILL
T-11.77
PRestaurantes
LC1. Lazer-Estetica-Vestuario-Celular:Restaurantes
^
D27/10'2008
MEMPORIO BABY KID 01/02
T-133.20
POutros
LC1. Lazer-Estetica-Vestuario-Celular:Vestuario Eduardo-Carla
^
D30/10'2008
MAMOR AOS PEDACOS
T-23.00
PRestaurantes
LC1. Lazer-Estetica-Vestuario-Celular:Restaurantes
^
D30/10'2008
MTEMAKI BY NORU
T-28.52
PRestaurantes
LC1. Lazer-Estetica-Vestuario-Celular:Restaurantes
^
D31/10'2008
MDROGA RAIA F 106
T-91.55
PDrogaria
LB1. Alimentacao-Drogaria-Vet:Drogaria
^
D01/11'2008
M01/11 - DEBITO DIF COT DOLAR
T-11.03
PMastercard Personnalite
LI. Taxas Bancarias:Encargos-Juros
^
D01/11'2008
MZEKA CABELEREIRO
T-32.00
PZeka Cabelereiro
LC1. Lazer-Estetica-Vestuario-Celular:Estetica-Massagem
^
D01/11'2008
MA P DUQUE VILA LOBOS
T-50.00
PCombustível
LF. Automoveis:Combustivel-Lavagem-Oleo
^
D02/11'2008
MVILA PIZZE E PANINI
T-29.00
PRestaurantes
LC1. Lazer-Estetica-Vestuario-Celular:Restaurantes
^
D02/11'2008
MSANTO DESCANSO
T-49.15
PRestaurantes
LC1. Lazer-Estetica-Vestuario-Celular:Restaurantes
^
D03/11'2008
MREDE ESTAPAR ESTAC
T-15.40
PEstapar
LE1. Extraordinarias (Ongoing):Taxi-Estacionamento
^
D04/11'2008
MREDE ESTAPAR ESTAC
T-15.40
PEstapar
LE1. Extraordinarias (Ongoing):Taxi-Estacionamento
^
D05/11'2008
MAMOR AOS PEDACOS
T-9.20
PRestaurantes
LC1. Lazer-Estetica-Vestuario-Celular:Restaurantes
^
D06/11'2008
MREDE ESTAPAR ESTAC
T-15.40
PEstapar
LE1. Extraordinarias (Ongoing):Taxi-Estacionamento
^
D06/11'2008
MDROGASIL LJ 170
T-65.14
PDrogaria
LB1. Alimentacao-Drogaria-Vet:Drogaria
^
D06/11'2008
MPHILADELFIA
T-51.48
PRestaurantes
LC1. Lazer-Estetica-Vestuario-Celular:Restaurantes
^
D07/11'2008
MREDE ESTAPAR ESTAC
T-15.40
PEstapar
LE1. Extraordinarias (Ongoing):Taxi-Estacionamento
^
D07/11'2008
MPAO DO PARQUE
T-17.20
PPao do Parque
LB1. Alimentacao-Drogaria-Vet:Mercado-Padaria-Vinhos
^
D07/11'2008
MFRUTARIA COLLINAS
T-37.31
PSupermercado
LB1. Alimentacao-Drogaria-Vet:Mercado-Padaria-Vinhos
^
D07/11'2008
MACOUGUE E DERIVADOS
T-43.35
PAçougue
LB1. Alimentacao-Drogaria-Vet:Mercado-Padaria-Vinhos
^
D08/11'2008
MZEKA CABELEREIRO
T-35.00
PZeka Cabelereiro
LC1. Lazer-Estetica-Vestuario-Celular:Estetica-Massagem
^
D10/11'2008
MWIPE PASTA E GRILL
T-12.38
PRestaurantes
LC1. Lazer-Estetica-Vestuario-Celular:Restaurantes
^
D10/11'2008
MDROGA RAIA F 106
T-17.90
PDrogaria
LB1. Alimentacao-Drogaria-Vet:Drogaria
^
D12/11'2008
MPHILADELFIA
T-19.50
PRestaurantes
LC1. Lazer-Estetica-Vestuario-Celular:Restaurantes
^
D12/11'2008
MDROGASIL LJ 170
T-46.69
PDrogaria
LB1. Alimentacao-Drogaria-Vet:Drogaria
^
D12/11'2008
MCARTAO PERSONNALITE
T2,112.77
PMastercard Personnalite
L[Itau Personnalité]
^
D13/11'2008
MZARAPEUSTAS
T-17.43
PRestaurantes
LC1. Lazer-Estetica-Vestuario-Celular:Restaurantes
^
D14/11'2008
MRESTAURANTE HIRO
T-59.50
PRestaurantes
LC1. Lazer-Estetica-Vestuario-Celular:Restaurantes
^
D14/11'2008
MKOPENHAGEN EMPRESARIA
T-12.20
PRestaurantes
LC1. Lazer-Estetica-Vestuario-Celular:Restaurantes
^
D15/11'2008
MDECATHLON 03/03
T-75.56
PDecathlon
LC1. Lazer-Estetica-Vestuario-Celular:Vestuario Eduardo-Carla
^
D16/11'2008
MSANTO DESCANSO
T-55.41
PRestaurantes
LC1. Lazer-Estetica-Vestuario-Celular:Restaurantes
^
D17/11'2008
MFRANGO D OURO CHUR
T-7.90
PRestaurantes
LC1. Lazer-Estetica-Vestuario-Celular:Restaurantes
^
D17/11'2008
MDAISSUKI FAST FOOD
T-27.00
PRestaurantes
LC1. Lazer-Estetica-Vestuario-Celular:Restaurantes
^
D17/11'2008
MEXTRA JAGUARE 1357
T-500.34
PExtra
LB1. Alimentacao-Drogaria-Vet:Mercado-Padaria-Vinhos
^
D18/11'2008
MKOPENHAGEN EMPRESARIA
T-9.50
PRestaurantes
LC1. Lazer-Estetica-Vestuario-Celular:Restaurantes
^
D18/11'2008
MFRUTARIA COLLINAS
T-33.16
PSupermercado
LB1. Alimentacao-Drogaria-Vet:Mercado-Padaria-Vinhos
^
D18/11'2008
MZEKA CABELEREIRO
T-210.00
PZeka Cabelereiro
LC1. Lazer-Estetica-Vestuario-Celular:Estetica-Massagem
^
D19/11'2008
MESTAPAR CINCINATO BRAG
T-8.40
PEstapar
LE1. Extraordinarias (Ongoing):Taxi-Estacionamento
^
D21/11'2008
MARAK
T-20.65
PRestaurantes
LC1. Lazer-Estetica-Vestuario-Celular:Restaurantes
^
D22/11'2008
MAPPLEBEE S ELDORADO
T-123.00
PRestaurantes
LC1. Lazer-Estetica-Vestuario-Celular:Restaurantes
^
D23/11'2008
MEXTRA JAGUARE 1357
T-43.02
PExtra
LB1. Alimentacao-Drogaria-Vet:Mercado-Padaria-Vinhos
^
D23/11'2008
MSANTO DESCANSO
T-43.28
PRestaurantes
LC1. Lazer-Estetica-Vestuario-Celular:Restaurantes
^
D24/11'2008
MREDE ESTAPAR ESTAC
T-14.00
PEstapar
LE1. Extraordinarias (Ongoing):Taxi-Estacionamento
^
D24/11'2008
MANDIAMO MORUMBI
T-35.50
PRestaurantes
LC1. Lazer-Estetica-Vestuario-Celular:Restaurantes
^
D25/11'2008
MSANTO DESCANSO
T-22.00
PRestaurantes
LC1. Lazer-Estetica-Vestuario-Celular:Restaurantes
^
D25/11'2008
MZARAPEUSTAS
T-15.21
PRestaurantes
LC1. Lazer-Estetica-Vestuario-Celular:Restaurantes
^
D26/11'2008
MMERCEARIA SAO FRANCISC
T-7.90
PSupermercado
LB1. Alimentacao-Drogaria-Vet:Mercado-Padaria-Vinhos
^
D26/11'2008
MDROGA RAIA F 106
T-26.64
PDrogaria
LB1. Alimentacao-Drogaria-Vet:Drogaria
^
D26/11'2008
MIG LAVANDERIAS
T-32.00
POutros
LE1. Extraordinarias (Ongoing):Residencia Moveis-Eletro-Servicos
^
D27/11'2008
MPHILADELFIA
T-27.61
PRestaurantes
LC1. Lazer-Estetica-Vestuario-Celular:Restaurantes
^
D27/11'2008
MMAGICAL KIDS STORE
T-39.90
POutros
LE1. Extraordinarias (Ongoing):Presentes
^
D28/11'2008
MCULT GASTRONOMIA LTD
T-22.00
PRestaurantes
LC1. Lazer-Estetica-Vestuario-Celular:Restaurantes
^
D29/11'2008
MSIBERIAN - ELDORA 01/05
T-29.98
POutros
LE1. Extraordinarias (Ongoing):Presentes
^
D29/11'2008
MCASAS BAHIA 05/05
T-51.20
POutros
LA1. Residencia Villas:Moveis
^
D29/11'2008
METNA HOME STORE 06/06
T-66.51
POutros
LA1. Residencia Villas:Moveis
^
D29/11'2008
MDECATHLON 01/03
T-75.56
PDecathlon
LC1. Lazer-Estetica-Vestuario-Celular:Vestuario Eduardo-Carla
^
D29/11'2008
MDROGARIA BIFARMA
T-36.78
PDrogaria
LB1. Alimentacao-Drogaria-Vet:Drogaria
^
D29/11'2008
MZARA BRASIL LTDA 01/03
T-87.66
PZara
LC1. Lazer-Estetica-Vestuario-Celular:Vestuario Eduardo-Carla
^
D29/11'2008
MVILA ROMANA SUL N 04/04
T-102.44
PVila Romana
LE1. Extraordinarias (Ongoing):Presentes
^
D29/11'2008
MHOSP ALBERT EINST 02/03
T-109.18
PHospital Albert Einstein
LG. Reembolsaveis:Medicos-Clinicas-Exames
^
D29/11'2008
MZARA IBIRAPUERA 04/05
T-112.00
PZara
LC1. Lazer-Estetica-Vestuario-Celular:Vestuario Eduardo-Carla
^
D29/11'2008
MCHICLETARIA VILLA 01/03
T-114.66
POutros
LC1. Lazer-Estetica-Vestuario-Celular:Vestuario Eduardo-Carla
^
D29/11'2008
MCRISTINA COMIN 01/04
T-130.25
POutros
LC1. Lazer-Estetica-Vestuario-Celular:Vestuario Eduardo-Carla
^
D29/11'2008
MEMPORIO BABY KID 02/02
T-133.20
POutros
LC1. Lazer-Estetica-Vestuario-Celular:Vestuario Eduardo-Carla
^
D29/11'2008
MSANTO DESCANSO
T-52.08
PRestaurantes
LC1. Lazer-Estetica-Vestuario-Celular:Restaurantes
^
D30/11'2008
MSANTO DESCANSO
T-10.20
PRestaurantes
LC1. Lazer-Estetica-Vestuario-Celular:Restaurantes
^
D30/11'2008
MSANTO DESCANSO
T-63.07
PRestaurantes
LC1. Lazer-Estetica-Vestuario-Celular:Restaurantes
^
D01/12'2008
MWIPE PASTA E GR
T-25.41
PRestaurantes
LC1. Lazer-Estetica-Vestuario-Celular:Restaurantes
^
D01/12'2008
MPAO DE ACUCAR L
T-61.44
PPao de Açucar
LB1. Alimentacao-Drogaria-Vet:Mercado-Padaria-Vinhos
^
D02/12'2008
MVIENA ROCIO
T-45.75
PRestaurantes
LC1. Lazer-Estetica-Vestuario-Celular:Restaurantes
^
D03/12'2008
MZEKA CABELEREIRO
T-35.00
PZeka Cabelereiro
LC1. Lazer-Estetica-Vestuario-Celular:Estetica-Massagem
^
D03/12'2008
MDROGA RAIA F 106
T-63.50
PDrogaria
LB1. Alimentacao-Drogaria-Vet:Drogaria
^
D03/12'2008
MFRUTARIA COLLINAS
T-74.06
PSupermercado
LB1. Alimentacao-Drogaria-Vet:Mercado-Padaria-Vinhos
^
D03/12'2008
MZARA BRASIL LTDA 02/03
T-87.66
PZara
LC1. Lazer-Estetica-Vestuario-Celular:Vestuario Eduardo-Carla
^
D04/12'2008
MCARREFOUR ERE 071
T-277.17
PSupermercado
LB1. Alimentacao-Drogaria-Vet:Mercado-Padaria-Vinhos
^
D04/12'2008
MPHILADELFIA
T-28.22
PRestaurantes
LC1. Lazer-Estetica-Vestuario-Celular:Restaurantes
^
D05/12'2008
MPBKIDS BRINQUEDOS
T-32.90
POutros
LE1. Extraordinarias (Ongoing):Presentes
^
D05/12'2008
MCARREFOUR ERE 071
T-40.85
PSupermercado
LB1. Alimentacao-Drogaria-Vet:Mercado-Padaria-Vinhos
^
D05/12'2008
MAPPLEBEE S ELDORADO
T-46.00
PRestaurantes
LC1. Lazer-Estetica-Vestuario-Celular:Restaurantes
^
D05/12'2008
MCE 46 01/05
T-25.96
POutros
LE1. Extraordinarias (Ongoing):Presentes
^
D05/12'2008
MCHICLETARIA VILLA 02/03
T-114.66
POutros
LC1. Lazer-Estetica-Vestuario-Celular:Vestuario Eduardo-Carla
^
D06/12'2008
MREI DO OLEO 01/02
T-67.15
POutros
LF. Automoveis:Combustivel-Lavagem-Oleo
^
D06/12'2008
MZEKA CABELEREIRO
T-139.00
PZeka Cabelereiro
LC1. Lazer-Estetica-Vestuario-Celular:Estetica-Massagem
^
D07/12'2008
MZARA IBIRAPUERA 05/05
T-112.00
PZara
LC1. Lazer-Estetica-Vestuario-Celular:Vestuario Eduardo-Carla
^
D08/12'2008
MAPPLEBEE S ELDORADO
T-42.59
PRestaurantes
LC1. Lazer-Estetica-Vestuario-Celular:Restaurantes
^
D08/12'2008
MZARAPEUSTAS
T-17.79
PRestaurantes
LC1. Lazer-Estetica-Vestuario-Celular:Restaurantes
^
D10/12'2008
MDROGASIL SA LJ 05 01/03
T-43.73
PDrogaria
LB1. Alimentacao-Drogaria-Vet:Drogaria
^
D10/12'2008
MWIPE PASTA E GRILL
T-31.56
PRestaurantes
LC1. Lazer-Estetica-Vestuario-Celular:Restaurantes
^
D11/12'2008
MREDE ESTAPAR ESTAC
T-15.40
PEstapar
LE1. Extraordinarias (Ongoing):Taxi-Estacionamento
^
D12/12'2008
MCARTAO PERSONNALITE
T3,252.07
PMastercard Personnalite
L[Itau Personnalité]
^
D12/12'2008
MDROGASIL LJ 170 01/03
T-42.93
PDrogaria
LB1. Alimentacao-Drogaria-Vet:Drogaria
^
D13/12'2008
MMASSAS RICCI
T-15.00
PRestaurantes
LC1. Lazer-Estetica-Vestuario-Celular:Restaurantes
^
D13/12'2008
MPBKIDS BRINQUEDOS
T-39.98
POutros
LE1. Extraordinarias (Ongoing):Presentes
^
D13/12'2008
MSIBERIAN - ELDORA 02/05
T-29.98
POutros
LE1. Extraordinarias (Ongoing):Presentes
^
D14/12'2008
MDROGA RAIA F 106
T-41.24
PDrogaria
LB1. Alimentacao-Drogaria-Vet:Drogaria
^
D15/12'2008
MDECATHLON 02/03
T-75.56
PDecathlon
LC1. Lazer-Estetica-Vestuario-Celular:Vestuario Eduardo-Carla
^
D15/12'2008
MWIPE PASTA E GRILL
T-29.81
PRestaurantes
LC1. Lazer-Estetica-Vestuario-Celular:Restaurantes
^
D16/12'2008
MLA BUCA ROMANA OSF
T-85.98
PRestaurantes
LC1. Lazer-Estetica-Vestuario-Celular:Restaurantes
^
D17/12'2008
MIG LAVANDERIAS
T-49.00
POutros
LE1. Extraordinarias (Ongoing):Residencia Moveis-Eletro-Servicos
^
D19/12'2008
MCACAU SHOW
T-149.50
POutros
LE1. Extraordinarias (Ongoing):Presentes
^
D19/12'2008
MO BOTICARIO 01/03
T-43.76
POutros
LE1. Extraordinarias (Ongoing):Presentes
^
D20/12'2008
MPAO DO PARQUE
T-30.53
PPao do Parque
LB1. Alimentacao-Drogaria-Vet:Mercado-Padaria-Vinhos
^
D20/12'2008
MFRUTARIA COLLINAS
T-30.77
PSupermercado
LB1. Alimentacao-Drogaria-Vet:Mercado-Padaria-Vinhos
^
D23/12'2008
MVILA ROMANA SUL N 01/06
T-69.98
PVila Romana
LC1. Lazer-Estetica-Vestuario-Celular:Vestuario Eduardo-Carla
^
D23/12'2008
MRI HAPPY BRINQUEDOS
T-82.87
PRi Happy
LE1. Extraordinarias (Ongoing):Presentes
^
D23/12'2008
MDUNES VILA LOBOS 01/03
T-59.93
POutros
LE1. Extraordinarias (Ongoing):Presentes
^
D23/12'2008
MFASCAR VILLA LOBO 01/03
T-79.66
POutros
LE1. Extraordinarias (Ongoing):Presentes
^
D23/12'2008
MRICHARDS 01/05
T-97.40
POutros
LE1. Extraordinarias (Ongoing):Presentes
^
D23/12'2008
MHOSP ALBERT EINST 03/03
T-109.18
POutros
LG. Reembolsaveis:Medicos-Clinicas-Exames
^
D23/12'2008
MFASCAR VILLA LOBOS02/03
T-79.66
POutros
LE1. Extraordinarias (Ongoing):Presentes
^
D23/12'2008
MDUNES VILA LOBOS 02/03
T-59.93
POutros
LE1. Extraordinarias (Ongoing):Presentes
^
D23/12'2008
MVILA ROMANA SUL NW02/06
T-69.98
PVila Romana
LE1. Extraordinarias (Ongoing):Presentes
^
D24/12'2008
MALMANARA SH VILLA LOBO
T-30.10
PRestaurantes
LC1. Lazer-Estetica-Vestuario-Celular:Restaurantes
^
D24/12'2008
MBROOKSFIELD LJ 09 01/05
T-29.20
POutros
LE1. Extraordinarias (Ongoing):Presentes
^
D24/12'2008
MZEKA CABELEREIRO
T-58.00
PZeka Cabelereiro
LC1. Lazer-Estetica-Vestuario-Celular:Estetica-Massagem
^
D30/12'2008
MCRISTINA COMIN 02/04
T-130.25
POutros
LC1. Lazer-Estetica-Vestuario-Celular:Vestuario Eduardo-Carla
^
D03/01'2009
MZARA BRASIL LTDA 03/03
T-87.68
PZara
LC1. Lazer-Estetica-Vestuario-Celular:Vestuario Eduardo-Carla
^
D04/01'2009
MAPPLEBEE S ELDORADO
T-114.67
PRestaurantes
LC1. Lazer-Estetica-Vestuario-Celular:Restaurantes
^
D05/01'2009
MCHICLETARIA VILLA 03/03
T-114.68
POutros
LC1. Lazer-Estetica-Vestuario-Celular:Vestuario Eduardo-Carla
^
D05/01'2009
MCE 46 02/05
T-25.96
POutros
LE1. Extraordinarias (Ongoing):Presentes
^
D06/01'2009
MREI DO OLEO 02/02
T-67.15
POutros
LF. Automoveis:Combustivel-Lavagem-Oleo
^
D10/01'2009
MDROGASIL SA LJ 05802/03
T-43.73
PDrogaria
LB1. Alimentacao-Drogaria-Vet:Drogaria
^
D12/01'2009
MCARTAO PERSONNALITE
T2,751.56
PMastercard Personnalite
L[Itau Personnalité]
^
D12/01'2009
MDROGASIL LJ 170 02/03
T-42.93
PDrogaria
LB1. Alimentacao-Drogaria-Vet:Drogaria
^
D13/01'2009
MSIBERIAN - ELDORAD03/05
T-29.98
POutros
LE1. Extraordinarias (Ongoing):Presentes
^
D15/01'2009
MCACAU SHOW
T-19.60
POutros
LE1. Extraordinarias (Ongoing):Presentes
^
D15/01'2009
MNEWS & CIA
T-79.60
POutros
LC1. Lazer-Estetica-Vestuario-Celular:Vestuario Eduardo-Carla
^
D18/01'2009
MDROGA RAIA F 106
T-20.42
PDrogaria
LB1. Alimentacao-Drogaria-Vet:Drogaria
^
D19/01'2009
MO BOTICARIO 02/03
T-43.76
POutros
LE1. Extraordinarias (Ongoing):Presentes
^
D19/01'2009
MTHE FIFTIES FUNCHAL
T-22.66
PRestaurantes
LC1. Lazer-Estetica-Vestuario-Celular:Restaurantes
^
D20/01'2009
MCACAU SHOW
T-39.10
POutros
LE1. Extraordinarias (Ongoing):Presentes
^
D20/01'2009
MTHAI HO
T-16.50
PRestaurantes
LC1. Lazer-Estetica-Vestuario-Celular:Restaurantes
^
D21/01'2009
MAUTO POSTO META
T-30.00
PCombustível
LF. Automoveis:Combustivel-Lavagem-Oleo
^
D21/01'2009
MNAKOMBI JARDIM SUL
T-117.70
PRestaurantes
LC1. Lazer-Estetica-Vestuario-Celular:Restaurantes
^
D22/01'2009
MCULT GASTRONOMIA LTD
T-18.40
PRestaurantes
LC1. Lazer-Estetica-Vestuario-Celular:Restaurantes
^
D23/01'2009
MRICHARDS 02/05
T-97.40
POutros
LE1. Extraordinarias (Ongoing):Presentes
^
D23/01'2009
MPARRILLA ARGENTINA
T-49.80
PRestaurantes
LC1. Lazer-Estetica-Vestuario-Celular:Restaurantes
^
D24/01'2009
MBROOKSFIELD LJ 09 02/05
T-29.20
POutros
LE1. Extraordinarias (Ongoing):Presentes
^
D27/01'2009
MBOMBONIERE MONTSON
T-13.15
POutros
LE1. Extraordinarias (Ongoing):Presentes
^
D28/01'2009
MCULT GASTRONOMIA LTD
T-21.40
PRestaurantes
LC1. Lazer-Estetica-Vestuario-Celular:Restaurantes
^
D30/01'2009
MCRISTINA COMIN 03/04
T-130.25
POutros
LC1. Lazer-Estetica-Vestuario-Celular:Vestuario Eduardo-Carla
^
D30/01'2009
MLE CHEF
T-75.63
PRestaurantes
LC1. Lazer-Estetica-Vestuario-Celular:Restaurantes
^
D02/02'2009
MWIPE PASTA E GRILL
T-32.16
PRestaurantes
LC1. Lazer-Estetica-Vestuario-Celular:Restaurantes
^
D03/02'2009
MZARAPEUSTAS
T-17.92
PRestaurantes
LC1. Lazer-Estetica-Vestuario-Celular:Restaurantes
^
D03/02'2009
MNEWS & CIA
T-39.80
POutros
LE1. Extraordinarias (Ongoing):Presentes
^
D05/02'2009
MCE 46 03/05
T-25.96
POutros
LE1. Extraordinarias (Ongoing):Presentes
^
D05/02'2009
MZARAPEUSTAS
T-14.86
PRestaurantes
LC1. Lazer-Estetica-Vestuario-Celular:Restaurantes
^
D07/02'2009
MBEST DESIGN
T-33.00
POutros
LE2. Extraordinarias (One Time):Investimentos na Empresa
^
D07/02'2009
MAPPLEBEE S ELDORADO
T-135.00
PRestaurantes
LC1. Lazer-Estetica-Vestuario-Celular:Restaurantes
^
D07/02'2009
MPBKIDS BRINQUEDOS 01/03
T-27.63
POutros
LE1. Extraordinarias (Ongoing):Presentes
^
D08/02'2009
MSANTO DESCANSO
T-87.94
PRestaurantes
LC1. Lazer-Estetica-Vestuario-Celular:Restaurantes
^
D09/02'2009
MVILA ROMANA SUL NW02/02
T-39.95
PVila Romana
LC1. Lazer-Estetica-Vestuario-Celular:Vestuario Eduardo-Carla
^
D10/02'2009
MCULT GASTRONOMIA LTD
T-27.30
PRestaurantes
LC1. Lazer-Estetica-Vestuario-Celular:Restaurantes
^
D10/02'2009
MDROGASIL SA LJ 05803/03
T-43.75
PDrogaria
LB1. Alimentacao-Drogaria-Vet:Drogaria
^
D12/02'2009
MCARTAO PERSONNALITE
T3,101.24
PMastercard Personnalite
L[Itau Personnalité]
^
D12/02'2009
MMC DONALD S WHI
T-12.50
PRestaurantes
LC1. Lazer-Estetica-Vestuario-Celular:Restaurantes
^
D12/02'2009
MEXTRA CAR AUTO POSTO L
T-14.90
PCombustível
LF. Automoveis:Combustivel-Lavagem-Oleo
^
D12/02'2009
MDROGASIL LJ 170 03/03
T-42.95
PDrogaria
LB1. Alimentacao-Drogaria-Vet:Drogaria
^
D13/02'2009
MSIBERIAN - ELDORAD04/05
T-29.98
POutros
LE1. Extraordinarias (Ongoing):Presentes
^
D13/02'2009
MLE LIS BLANC MK
T-55.00
POutros
LC1. Lazer-Estetica-Vestuario-Celular:Vestuario Eduardo-Carla
^
D14/02'2009
MAPPLEBEES MORUMBI
T-73.75
PRestaurantes
LC1. Lazer-Estetica-Vestuario-Celular:Restaurantes
^
D15/02'2009
MMIRANTE DO PARAIBA
T-150.00
PRestaurantes
LC1. Lazer-Estetica-Vestuario-Celular:Restaurantes
^
D19/02'2009
MO BOTICARIO 03/03
T-43.78
POutros
LE1. Extraordinarias (Ongoing):Presentes
^
D19/02'2009
MPOSTO UNIVERSITARIOS
T-50.00
PCombustível
LF. Automoveis:Combustivel-Lavagem-Oleo
^
D20/02'2009
MWIPE PASTA E GRILL
T-30.00
PRestaurantes
LC1. Lazer-Estetica-Vestuario-Celular:Restaurantes
^
D23/02'2009
MVILA ROMANA SUL NW03/06
T-69.98
PVila Romana
LC1. Lazer-Estetica-Vestuario-Celular:Vestuario Eduardo-Carla
^
D23/02'2009
MDUNES VILA LOBOS 03/03
T-59.94
POutros
LE1. Extraordinarias (Ongoing):Presentes
^
D23/02'2009
MRICHARDS 03/05
T-97.40
POutros
LE1. Extraordinarias (Ongoing):Presentes
^
D23/02'2009
MFASCAR VILLA LOBOS03/03
T-79.68
POutros
LE1. Extraordinarias (Ongoing):Presentes
^
D24/02'2009
MBROOKSFIELD LJ 09 03/05
T-29.20
POutros
LE1. Extraordinarias (Ongoing):Presentes
^
D25/02'2009
MCULT GASTRONOMIA LTD
T-23.40
PRestaurantes
LC1. Lazer-Estetica-Vestuario-Celular:Restaurantes
^
D26/02'2009
MLA PASTA GIALLA
T-41.36
PRestaurantes
LC1. Lazer-Estetica-Vestuario-Celular:Restaurantes
^
D26/02'2009
MNEWS & CIA
T-79.60
POutros
LE1. Extraordinarias (Ongoing):Presentes
^
D27/02'2009
MCULT GASTRONOMIA LTD
T-23.40
PRestaurantes
LC1. Lazer-Estetica-Vestuario-Celular:Restaurantes
^
D28/02'2009
MCRISTINA COMIN 04/04
T-130.25
POutros
LC1. Lazer-Estetica-Vestuario-Celular:Vestuario Eduardo-Carla
^
D28/02'2009
MZARA MORUMBI 01/05
T-155.40
PZara
LC1. Lazer-Estetica-Vestuario-Celular:Vestuario Eduardo-Carla
^
D28/02'2009
MPBKIDS BRINQUEDOS 01/03
T-39.99
POutros
LE1. Extraordinarias (Ongoing):Presentes
^
D01/03'2009
MIMPOSTO COMPRA INT-IOF
T-27.35
PGoverno
LH. Impostos Federais:CPMF-IOF
^
D05/03'2009
MCE 46 04/05
T-25.96
POutros
LE1. Extraordinarias (Ongoing):Presentes
^
D05/03'2009
MAmazon.com
T-393.81
PAmazon
LD. Viagens:Compras
^
D06/03'2009
MRESTAURANTE HIRO
T-69.60
PRestaurantes
LC1. Lazer-Estetica-Vestuario-Celular:Restaurantes
^
D06/03'2009
MZEKA CABELEREIRO
T-284.00
PZeka Cabelereiro
LC1. Lazer-Estetica-Vestuario-Celular:Estetica-Massagem
^
D06/03'2009
MAMZ*Amazon Payments
T-21.23
PAmazon
LD. Viagens:Compras
^
D06/03'2009
MAMZ*Amazon Payments
T-80.73
PAmazon
LD. Viagens:Compras
^
D07/03'2009
MMASSAS RICCI
T-32.60
PRestaurantes
LC1. Lazer-Estetica-Vestuario-Celular:Restaurantes
^
D07/03'2009
MGIFTS E CARDS PAPELARI
T-44.30
POutros
LE1. Extraordinarias (Ongoing):Residencia Moveis-Eletro-Servicos
^
D07/03'2009
MPBKIDS BRINQUEDOS 02/03
T-27.63
POutros
LE1. Extraordinarias (Ongoing):Presentes
^
D07/03'2009
MCASA DAS CUECAS 01/03
T-62.50
POutros
LC1. Lazer-Estetica-Vestuario-Celular:Vestuario Eduardo-Carla
^
D07/03'2009
MCROCS BRASIL 01/02
T-87.80
POutros
LC1. Lazer-Estetica-Vestuario-Celular:Vestuario Eduardo-Carla
^
D07/03'2009
MFARMAX LJ 16 01/03
T-236.89
PDrogaria
LB1. Alimentacao-Drogaria-Vet:Drogaria
^
D09/03'2009
MSUPERMERCADOS MAMBO
T-332.26
PMambo Supermercado
LB1. Alimentacao-Drogaria-Vet:Mercado-Padaria-Vinhos
^
D09/03'2009
MDROGASIL LJ 170 01/02
T-54.50
PDrogaria
LB1. Alimentacao-Drogaria-Vet:Drogaria
^
D10/03'2009
MDROGASIL LJ 170
T-38.42
PDrogaria
LB1. Alimentacao-Drogaria-Vet:Drogaria
^
D10/03'2009
MGALETO S AL SANTOS 10
T-47.85
PRestaurantes
LC1. Lazer-Estetica-Vestuario-Celular:Restaurantes
^
D12/03'2009
MCARTAO PERSONNALITE
T1,857.73
PMastercard Personnalite
L[Itau Personnalité]
^
D12/03'2009
MCARREFOUR ERE 071
T-55.62
PSupermercado
LB1. Alimentacao-Drogaria-Vet:Mercado-Padaria-Vinhos
^
D12/03'2009
MCARREFOUR ERE 071 01/06
T-55.98
PSupermercado
LB1. Alimentacao-Drogaria-Vet:Mercado-Padaria-Vinhos
^
D12/03'2009
MLA ARENA PARRILLA
T-42.00
PRestaurantes
LC1. Lazer-Estetica-Vestuario-Celular:Restaurantes
^
D12/03'2009
MCARREFOUR ERE 071 06/06
T-55.98
PSupermercado
LB1. Alimentacao-Drogaria-Vet:Mercado-Padaria-Vinhos
^
D13/03'2009
MBETH COZINHA ESTAR
T-45.47
PRestaurantes
LC1. Lazer-Estetica-Vestuario-Celular:Restaurantes
^
D13/03'2009
MSIBERIAN - ELDORA 05/05
T-29.98
POutros
LE1. Extraordinarias (Ongoing):Presentes
^
D14/03'2009
MZEKA CABELEREIRO
T-56.00
PZeka Cabelereiro
LC1. Lazer-Estetica-Vestuario-Celular:Estetica-Massagem
^
D15/03'2009
MTORO
T-323.73
PRestaurantes
LC1. Lazer-Estetica-Vestuario-Celular:Restaurantes
^
D15/03'2009
MWEB MOTORS 01/03
T-49.96
POutros
LF. Automoveis:Manutencao-Revisao Auto
^
D16/03'2009
MINTERNATIONAL INSTITUT
T-219.45
POutros
LB2. Educacao (Mensal):Cursos Eduardo-Carla
^
D16/03'2009
MAMZ*Amazon Payments
T-434.79
PAmazon
LD. Viagens:Compras
^
D17/03'2009
MC AUTOMOTIVO ALPHA ZER
T-149.00
PCombustível
LF. Automoveis:Combustivel-Lavagem-Oleo
^
D18/03'2009
MAPPLEBEE S ELDORADO
T-45.15
PRestaurantes
LC1. Lazer-Estetica-Vestuario-Celular:Restaurantes
^
D18/03'2009
MIVANA GARDEN
T-85.00
PCombustível
LF. Automoveis:Combustivel-Lavagem-Oleo
^
D18/03'2009
MGALETO S AL SANTOS 10
T-36.96
PRestaurantes
LC1. Lazer-Estetica-Vestuario-Celular:Restaurantes
^
D19/03'2009
MVILA ROMANA SUL N 01/04
T-124.32
PVila Romana
LC1. Lazer-Estetica-Vestuario-Celular:Vestuario Eduardo-Carla
^
D19/03'2009
MBAKED POTATOR
T-15.70
PRestaurantes
LC1. Lazer-Estetica-Vestuario-Celular:Restaurantes
^
D19/03'2009
MDROGA RAIA 223
T-22.30
PDrogaria
LB1. Alimentacao-Drogaria-Vet:Drogaria
^
D19/03'2009
MCORELLO 01/02
T-179.00
PCORELLO
LC1. Lazer-Estetica-Vestuario-Celular:Vestuario Eduardo-Carla
^
D19/03'2009
MCLARO LJ VILLA LOBOS
T-50.00
PClaro Loja
LC1. Lazer-Estetica-Vestuario-Celular:Celular
^
D20/03'2009
MDROGASIL LJ 170 01/02
T-58.22
PDrogaria
LB1. Alimentacao-Drogaria-Vet:Drogaria
^
D22/03'2009
MMASSAS RICCI
T-22.00
PRestaurantes
LC1. Lazer-Estetica-Vestuario-Celular:Restaurantes
^
D22/03'2009
MDROGA RAIA F 106
T-116.89
PDrogaria
LB1. Alimentacao-Drogaria-Vet:Drogaria
^
D23/03'2009
MVILA ROMANA SUL N 04/06
T-69.98
PVila Romana
LC1. Lazer-Estetica-Vestuario-Celular:Vestuario Eduardo-Carla
^
D23/03'2009
MQUALITY FOOD
T-15.67
PRestaurantes
LC1. Lazer-Estetica-Vestuario-Celular:Restaurantes
^
D23/03'2009
MRICHARDS 04/05
T-97.40
POutros
LE1. Extraordinarias (Ongoing):Presentes
^
D24/03'2009
MBROOKSFIELD LJ 09 04/05
T-29.20
POutros
LE1. Extraordinarias (Ongoing):Presentes
^
D25/03'2009
MOUTBACK STEAK HOUSE
T-39.00
PRestaurantes
LC1. Lazer-Estetica-Vestuario-Celular:Restaurantes
^
D26/03'2009
MGALETO S ELDORADO 11
T-48.62
PRestaurantes
LC1. Lazer-Estetica-Vestuario-Celular:Restaurantes
^
D26/03'2009
MSUSHI PAPAIA
T-69.86
PRestaurantes
LC1. Lazer-Estetica-Vestuario-Celular:Restaurantes
^
D27/03'2009
MLEO CONFEITARIA - BOLO CONTAX
T-77.37
POutros
LG. Reembolsaveis:Despesas de Trabalho
^
D27/03'2009
MDOCEIRA CRISTALLO PTA
T-15.00
PRestaurantes
LC1. Lazer-Estetica-Vestuario-Celular:Restaurantes
^
D27/03'2009
MWRAPS CENTER 3
T-33.37
PRestaurantes
LC1. Lazer-Estetica-Vestuario-Celular:Restaurantes
^
D30/03'2009
MPBKIDS BRINQUEDOS 02/03
T-39.99
POutros
LE1. Extraordinarias (Ongoing):Presentes
^
D30/03'2009
MZARA MORUMBI 02/05
T-155.40
PZara
LC1. Lazer-Estetica-Vestuario-Celular:Vestuario Eduardo-Carla
^
D31/03'2009
MCASA DE SUCOS PADRAO
T-15.76
PRestaurantes
LC1. Lazer-Estetica-Vestuario-Celular:Restaurantes
^
D31/03'2009
MCENTER CAR AUTO POSTO
T-66.33
PCombustível
LF. Automoveis:Combustivel-Lavagem-Oleo
^
D31/03'2009
MDROGASIL LJ 170
T-82.12
PDrogaria
LB1. Alimentacao-Drogaria-Vet:Drogaria
^
D31/03'2009
MSUPERMERCADOS MAMBO
T-86.52
PMambo Supermercado
LB1. Alimentacao-Drogaria-Vet:Mercado-Padaria-Vinhos
^
D31/03'2009
MCAPIM SANTO
T-50.12
PRestaurantes
LC1. Lazer-Estetica-Vestuario-Celular:Restaurantes
^
D01/04'2009
MAUTO POSTO TASCA
T-54.78
PCombustível
LF. Automoveis:Combustivel-Lavagem-Oleo
^
D01/04'2009
MSANTO DESCANSO
T-71.00
PRestaurantes
LC1. Lazer-Estetica-Vestuario-Celular:Restaurantes
^
D02/04'2009
MDROGARIA BIFARMA 1
T-68.54
PDrogaria
LB1. Alimentacao-Drogaria-Vet:Drogaria
^
D03/04'2009
MVILA PIZZE E PANINI
T-32.00
PRestaurantes
LC1. Lazer-Estetica-Vestuario-Celular:Restaurantes
^
D03/04'2009
MVIENA VCNA
T-46.50
PRestaurantes
LC1. Lazer-Estetica-Vestuario-Celular:Restaurantes
^
D04/04'2009
MSANTO DESCANSO
T-60.00
PRestaurantes
LC1. Lazer-Estetica-Vestuario-Celular:Restaurantes
^
D04/04'2009
MNATUSVERDE
T-125.00
POutros
LE1. Extraordinarias (Ongoing):Residencia Moveis-Eletro-Servicos
^
D04/04'2009
MC A AGUA ESPRAIADA
T-50.00
PCombustível
LF. Automoveis:Combustivel-Lavagem-Oleo
^
D04/04'2009
MAUTO POSTO HUNGRIA
T-30.00
PCombustível
LF. Automoveis:Combustivel-Lavagem-Oleo
^
D04/04'2009
MCENTER CAR AUTO POSTO
T-80.01
PCombustível
LF. Automoveis:Combustivel-Lavagem-Oleo
^
D06/04'2009
MANDIAMO PERDIZES
T-223.08
PRestaurantes
LC1. Lazer-Estetica-Vestuario-Celular:Restaurantes
^
D07/04'2009
MVIENA VCNA
T-11.50
PRestaurantes
LC1. Lazer-Estetica-Vestuario-Celular:Restaurantes
^
D08/04'2009
MCAPIM SANTO
T-45.21
PRestaurantes
LC1. Lazer-Estetica-Vestuario-Celular:Restaurantes
^
D09/04'2009
M2031 - EXTRA FACIL RI
T-28.31
PExtra
LB1. Alimentacao-Drogaria-Vet:Mercado-Padaria-Vinhos
^
D09/04'2009
MZEKA CABELEREIRO
T-35.00
PZeka Cabelereiro
LC1. Lazer-Estetica-Vestuario-Celular:Estetica-Massagem
^
D09/04'2009
MRESTAURANTE HIRO
T-86.90
PRestaurantes
LC1. Lazer-Estetica-Vestuario-Celular:Restaurantes
^
D09/04'2009
MCENTRO COM SER VENEZ
T-118.01
PCombustível
LF. Automoveis:Combustivel-Lavagem-Oleo
^
D10/04'2009
MALMANARA SH VILLA LOBO
T-49.35
PRestaurantes
LC1. Lazer-Estetica-Vestuario-Celular:Restaurantes
^
D10/04'2009
MSANTO DESCANSO
T-65.00
PRestaurantes
LC1. Lazer-Estetica-Vestuario-Celular:Restaurantes
^
D11/04'2009
MVILA PIZZE E PANINI
T-33.00
PRestaurantes
LC1. Lazer-Estetica-Vestuario-Celular:Restaurantes
^
D11/04'2009
MMASSAS RICCI
T-36.30
PRestaurantes
LC1. Lazer-Estetica-Vestuario-Celular:Restaurantes
^
D11/04'2009
MZEKA CABELEREIRO
T-21.00
PZeka Cabelereiro
LC1. Lazer-Estetica-Vestuario-Celular:Estetica-Massagem
^
D13/04'2009
MCARTAO PERSONNALITE
T5,076.66
PMastercard Personnalite
L[Itau Personnalité]
^
D13/04'2009
MGRILL HALL PAULISTA
T-17.59
PRestaurantes
LC1. Lazer-Estetica-Vestuario-Celular:Restaurantes
^
D15/04'2009
MCOMERCIAL MORRINHO LTD
T-464.82
PSupermercado
LB1. Alimentacao-Drogaria-Vet:Mercado-Padaria-Vinhos
^
D17/04'2009
MCHURASCARIA PORTAL GRI
T-37.82
PRestaurantes
LC1. Lazer-Estetica-Vestuario-Celular:Restaurantes
^
D17/04'2009
MCENTRO COM SER VENEZ
T-108.00
PCombustível
LF. Automoveis:Combustivel-Lavagem-Oleo
^
D17/04'2009
MEXTRA JAGUARE 1357
T-39.49
PExtra
LB1. Alimentacao-Drogaria-Vet:Mercado-Padaria-Vinhos
^
D17/04'2009
MMCAFEE.COM
T-59.00
POutros
LE1. Extraordinarias (Ongoing):Residencia Moveis-Eletro-Servicos
^
D21/04'2009
MVILA PIZZE E PANINI
T-28.00
PRestaurantes
LC1. Lazer-Estetica-Vestuario-Celular:Restaurantes
^
D21/04'2009
MCENTRO COM SER VENEZ
T-54.94
PCombustível
LF. Automoveis:Combustivel-Lavagem-Oleo
^
D21/04'2009
MCENTRO COM SER VENEZ
T-120.02
PCombustível
LF. Automoveis:Combustivel-Lavagem-Oleo
^
D21/04'2009
MHOTEL ESTANC ATIBAINHA
T-158.70
POutros
LD. Viagens
^
D23/04'2009
MPOBRE JUAN
T-78.95
PRestaurantes
LC1. Lazer-Estetica-Vestuario-Celular:Restaurantes
^
D23/04'2009
MVILA ROMANA SUL NW
T-129.90
PVila Romana
LC1. Lazer-Estetica-Vestuario-Celular:Vestuario Eduardo-Carla
^
D23/04'2009
MLIVR CULTURA
T-19.80
POutros
LE1. Extraordinarias (Ongoing):Presentes
^
D25/04'2009
MZEKA CABELEREIRO
T-95.00
PZeka Cabelereiro
LC1. Lazer-Estetica-Vestuario-Celular:Estetica-Massagem
^
D27/04'2009
MSIRIGADO BARAO
T-135.20
PRestaurantes
LC1. Lazer-Estetica-Vestuario-Celular:Restaurantes
^
D28/04'2009
MAPOGEO
T-21.25
PRestaurantes
LC1. Lazer-Estetica-Vestuario-Celular:Restaurantes
^
D28/04'2009
MCENTRO COM SER VENEZ
T-113.00
PCombustível
LF. Automoveis:Combustivel-Lavagem-Oleo
^
D29/04'2009
MCE 46 05/05
T-25.96
POutros
LE1. Extraordinarias (Ongoing):Presentes
^
D29/04'2009
MBROOKSFIELD LJ 09 05/05
T-29.20
POutros
LE1. Extraordinarias (Ongoing):Presentes
^
D29/04'2009
MWEB MOTORS 02/03
T-49.96
POutros
LF. Automoveis:Manutencao-Revisao Auto
^
D29/04'2009
MDROGASIL LJ 170 02/02
T-54.51
PDrogaria
LB1. Alimentacao-Drogaria-Vet:Drogaria
^
D29/04'2009
MCARREFOUR ERE 071 02/06
T-55.98
PSupermercado
LB1. Alimentacao-Drogaria-Vet:Mercado-Padaria-Vinhos
^
D29/04'2009
MDROGASIL LJ 170 02/02
T-58.23
PDrogaria
LB1. Alimentacao-Drogaria-Vet:Drogaria
^
D29/04'2009
MVILA ROMANA SUL N 05/06
T-69.98
PVila Romana
LC1. Lazer-Estetica-Vestuario-Celular:Vestuario Eduardo-Carla
^
D29/04'2009
MDROGASIL LJ 170 01/03
T-76.13
PDrogaria
LB1. Alimentacao-Drogaria-Vet:Drogaria
^
D29/04'2009
MGRUPO CARRERA 01/03
T-80.00
POutros
LF. Automoveis:Manutencao-Revisao Auto
^
D29/04'2009
MHEING 01/02
T-82.44
POutros
LE1. Extraordinarias (Ongoing):Presentes
^
D29/04'2009
MVILA ROMANA SUL N 02/04
T-124.32
PVila Romana
LC1. Lazer-Estetica-Vestuario-Celular:Vestuario Eduardo-Carla
^
D29/04'2009
MGENIOS VIDRO AUTO 01/02
T-250.00
POutros
LF. Automoveis:Manutencao-Revisao Auto
^
D29/04'2009
MPBKIDS BRINQUEDOS 03/03
T-27.64
POutros
LE1. Extraordinarias (Ongoing):Presentes
^
D29/04'2009
MPBKIDS BRINQUEDOS 03/03
T-39.99
POutros
LE1. Extraordinarias (Ongoing):Presentes
^
D29/04'2009
MCHICLETARIA VILLA 01/03
T-54.33
POutros
LE1. Extraordinarias (Ongoing):Presentes
^
D29/04'2009
MCASA DAS CUECAS 02/03
T-62.50
POutros
LE1. Extraordinarias (Ongoing):Presentes
^
D29/04'2009
MCROCS BRASIL 02/02
T-87.80
POutros
LE1. Extraordinarias (Ongoing):Presentes
^
D29/04'2009
MRICHARDS 05/05
T-97.40
POutros
LE1. Extraordinarias (Ongoing):Presentes
^
D29/04'2009
MGREGORY 01/03
T-151.33
POutros
LC1. Lazer-Estetica-Vestuario-Celular:Vestuario Eduardo-Carla
^
D29/04'2009
MZARA MORUMBI 03/05
T-155.40
PZara
LC1. Lazer-Estetica-Vestuario-Celular:Vestuario Eduardo-Carla
^
D29/04'2009
MCORELLO 02/02
T-179.00
PCORELLO
LC1. Lazer-Estetica-Vestuario-Celular:Vestuario Eduardo-Carla
^
D29/04'2009
MFARMAX LJ 16 02/03
T-236.89
PDrogaria
LB1. Alimentacao-Drogaria-Vet:Drogaria
^
D29/04'2009
MPATEO DA LUZ
T-72.82
PRestaurantes
LC1. Lazer-Estetica-Vestuario-Celular:Restaurantes
^
D30/04'2009
MUCI CINEMAS
T-28.50
POutros
LC1. Lazer-Estetica-Vestuario-Celular:Cinema-Locadora-Esportes-Diversao
^
D01/05'2009
MRI HAPPY BRINQU
T-79.97
PRi Happy
LE1. Extraordinarias (Ongoing):Presentes
^
D02/05'2009
M02/05 - EST DIF COT DOLAR
T71.35
PMastercard Personnalite
LC. Reembolsos:Reembolso
^
D02/05'2009
MIMPOSTO COMPRA INT-IOF
T-1.06
PGoverno
LH. Impostos Federais:CPMF-IOF
^
D02/05'2009
MDROGASIL LJ 183
T-53.52
PDrogaria
LB1. Alimentacao-Drogaria-Vet:Drogaria
^
D02/05'2009
MAPPLEBEE S ELDORADO
T-99.60
PRestaurantes
LC1. Lazer-Estetica-Vestuario-Celular:Restaurantes
^
D04/05'2009
MLA ARENA PARRILLA
T-43.00
PRestaurantes
LC1. Lazer-Estetica-Vestuario-Celular:Restaurantes
^
D05/05'2009
MRESTAURANTE HIRO
T-74.90
PRestaurantes
LC1. Lazer-Estetica-Vestuario-Celular:Restaurantes
^
D06/05'2009
MKOI-JARDINS
T-38.31
PRestaurantes
LC1. Lazer-Estetica-Vestuario-Celular:Restaurantes
^
D07/05'2009
MCENTRO COM SER VENEZ
T-110.01
PCombustível
LF. Automoveis:Combustivel-Lavagem-Oleo
^
D09/05'2009
MFELICITA
T-128.00
PRestaurantes
LC1. Lazer-Estetica-Vestuario-Celular:Restaurantes
^
D10/05'2009
MCENTRO COM SER VENEZ
T-127.30
PCombustível
LF. Automoveis:Combustivel-Lavagem-Oleo
^
D11/05'2009
MEXTRA JAGUARE 1357
T-472.84
PExtra
LB1. Alimentacao-Drogaria-Vet:Mercado-Padaria-Vinhos
^
D12/05'2009
MCARTAO PERSONNALITE
T5,211.96
PMastercard Personnalite
L[Itau Personnalité]
^
D14/05'2009
MZEKA CABELEREIRO
T-35.00
PZeka Cabelereiro
LC1. Lazer-Estetica-Vestuario-Celular:Estetica-Massagem
^
D14/05'2009
MTADAMASSA YAMADA
T-80.00
POutros
LC1. Lazer-Estetica-Vestuario-Celular:Estetica-Massagem
^
D16/05'2009
MCENTRO COM SER VENEZ
T-119.51
PCombustível
LF. Automoveis:Combustivel-Lavagem-Oleo
^
D16/05'2009
MZEKA CABELEREIRO
T-56.00
PZeka Cabelereiro
LC1. Lazer-Estetica-Vestuario-Celular:Estetica-Massagem
^
D17/05'2009
MRI HAPPY BRINQUEDOS
T-59.99
PRi Happy
LE1. Extraordinarias (Ongoing):Presentes
^
D20/05'2009
MAPOGEO
T-19.48
PRestaurantes
LC1. Lazer-Estetica-Vestuario-Celular:Restaurantes
^
D22/05'2009
MSANTO DESCANSO
T-44.10
PRestaurantes
LC1. Lazer-Estetica-Vestuario-Celular:Restaurantes
^
D22/05'2009
MCENTRO COM SER VENEZ
T-109.99
PCombustível
LF. Automoveis:Combustivel-Lavagem-Oleo
^
D23/05'2009
MSANTO DESCANSO
T-39.73
PRestaurantes
LC1. Lazer-Estetica-Vestuario-Celular:Restaurantes
^
D24/05'2009
MMASSAS RICCI
T-48.60
PRestaurantes
LC1. Lazer-Estetica-Vestuario-Celular:Restaurantes
^
D24/05'2009
MDROGASIL LJ 170
T-69.62
PDrogaria
LB1. Alimentacao-Drogaria-Vet:Drogaria
^
D25/05'2009
MAPOGEO
T-19.48
PRestaurantes
LC1. Lazer-Estetica-Vestuario-Celular:Restaurantes
^
D25/05'2009
MKALUNGA
T-26.84
Pkalunga
LE1. Extraordinarias (Ongoing):Residencia Moveis-Eletro-Servicos
^
D26/05'2009
MAPOGEO
T-18.64
PRestaurantes
LC1. Lazer-Estetica-Vestuario-Celular:Restaurantes
^
D26/05'2009
MALMANARA SH VILLA LOBO
T-46.25
PRestaurantes
LC1. Lazer-Estetica-Vestuario-Celular:Restaurantes
^
D27/05'2009
MAPOGEO
T-21.02
PRestaurantes
LC1. Lazer-Estetica-Vestuario-Celular:Restaurantes
^
D27/05'2009
MSUPERMERCADOS MAMBO
T-465.34
PMambo Supermercado
LB1. Alimentacao-Drogaria-Vet:Mercado-Padaria-Vinhos
^
D27/05'2009
MDROGA RAIA 223
T-29.00
PDrogaria
LB1. Alimentacao-Drogaria-Vet:Drogaria
^
D27/05'2009
MPARRILLA ARGENTINA
T-137.38
PRestaurantes
LC1. Lazer-Estetica-Vestuario-Celular:Restaurantes
^
D28/05'2009
MCANTINA DO PIERO
T-46.50
PRestaurantes
LC1. Lazer-Estetica-Vestuario-Celular:Restaurantes
^
D29/05'2009
MWEB MOTORS 03/03
T-49.98
POutros
LF. Automoveis:Manutencao-Revisao Auto
^
D29/05'2009
MCARREFOUR ERE 071 03/06
T-55.98
PSupermercado
LB1. Alimentacao-Drogaria-Vet:Mercado-Padaria-Vinhos
^
D29/05'2009
MVILA ROMANA SUL N 06/06
T-70.00
PVila Romana
LC1. Lazer-Estetica-Vestuario-Celular:Vestuario Eduardo-Carla
^
D29/05'2009
MDROGASIL LJ 170 02/03
T-76.13
PDrogaria
LB1. Alimentacao-Drogaria-Vet:Drogaria
^
D29/05'2009
MGRUPO CARRERA 02/03
T-80.00
POutros
LF. Automoveis:Manutencao-Revisao Auto
^
D29/05'2009
MHEING 02/02
T-82.44
POutros
LC1. Lazer-Estetica-Vestuario-Celular:Vestuario Eduardo-Carla
^
D29/05'2009
MAUTO ESCOLA MARC 01/02
T-111.50
POutros
LF. Automoveis:Manutencao-Revisao Auto
^
D29/05'2009
MVILA ROMANA SUL N 03/04
T-124.32
PVila Romana
LC1. Lazer-Estetica-Vestuario-Celular:Vestuario Eduardo-Carla
^
D29/05'2009
MGENIOS VIDRO AUTO 02/02
T-250.00
POutros
LF. Automoveis:Manutencao-Revisao Auto
^
D29/05'2009
MTHE FIFTIES FUNCHAL
T-32.01
PRestaurantes
LC1. Lazer-Estetica-Vestuario-Celular:Restaurantes
^
D29/05'2009
MCHICLETARIA VILLA 02/03
T-54.33
POutros
LC1. Lazer-Estetica-Vestuario-Celular:Vestuario Eduardo-Carla
^
D29/05'2009
MCASA DAS CUECAS 03/03
T-62.50
POutros
LC1. Lazer-Estetica-Vestuario-Celular:Vestuario Eduardo-Carla
^
D29/05'2009
MFASCAR VILLA LOBO 01/04
T-122.25
POutros
LE1. Extraordinarias (Ongoing):Presentes
^
D29/05'2009
MGREGORY 02/03
T-151.33
POutros
LC1. Lazer-Estetica-Vestuario-Celular:Vestuario Eduardo-Carla
^
D29/05'2009
MZARA MORUMBI 04/05
T-155.40
PZara
LC1. Lazer-Estetica-Vestuario-Celular:Vestuario Eduardo-Carla
^
D29/05'2009
MFARMAX LJ 16 03/03
T-236.89
PDrogaria
LB1. Alimentacao-Drogaria-Vet:Drogaria
^
D30/05'2009
MAHOLIC
T-49.80
POutros
LC1. Lazer-Estetica-Vestuario-Celular:Vestuario Marina-Felipe
^
D31/05'2009
MCENTER CAR AUTO POSTO
T-114.06
PCombustível
LF. Automoveis:Combustivel-Lavagem-Oleo
^
D01/06'2009
MCARTAO PERSONNALITE
T2.76
PMastercard Personnalite
LC. Reembolsos:Reembolso
^
D01/06'2009
MAPOGEO
T-17.72
PRestaurantes
LC1. Lazer-Estetica-Vestuario-Celular:Restaurantes
^
D02/06'2009
MSERRADOR
T-40.59
PRestaurantes
LC1. Lazer-Estetica-Vestuario-Celular:Restaurantes
^
D03/06'2009
MDROGA RAIA 223
T-31.05
PDrogaria
LB1. Alimentacao-Drogaria-Vet:Drogaria
^
D04/06'2009
MAREA PARKING ESTAC
T-22.00
PEstapar
LE1. Extraordinarias (Ongoing):Taxi-Estacionamento
^
D05/06'2009
MPAO DO PARQUE
T-25.62
PPao do Parque
LB1. Alimentacao-Drogaria-Vet:Mercado-Padaria-Vinhos
^
D07/06'2009
MMICROPLUS
T-45.00
POutros
LE1. Extraordinarias (Ongoing):Residencia Moveis-Eletro-Servicos
^
D07/06'2009
MAPPLEBEE S ELDORADO
T-144.49
PRestaurantes
LC1. Lazer-Estetica-Vestuario-Celular:Restaurantes
^
D10/06'2009
MCENTRO COM SER VENEZ
T-103.99
PCombustível
LF. Automoveis:Combustivel-Lavagem-Oleo
^
D12/06'2009
MCARTAO PERSONNALITE
T4,516.11
PMastercard Personnalite
L[Itau Personnalité]
^
D14/06'2009
MCENTRO COM SER VENEZ
T-72.02
PCombustível
LF. Automoveis:Combustivel-Lavagem-Oleo
^
D15/06'2009
MCENTRO COM SER VENEZ
T-113.31
PCombustível
LF. Automoveis:Combustivel-Lavagem-Oleo
^
D15/06'2009
MPROJECT MANAGEMENT INS - PMI
T-235.13
POutros
LB2. Educacao (Mensal):Cursos Eduardo-Carla
^
D16/06'2009
MEXTRA JAGUARE 1357
T-367.82
PExtra
LB1. Alimentacao-Drogaria-Vet:Mercado-Padaria-Vinhos
^
D16/06'2009
MDROGA RAIA 223
T-27.08
PDrogaria
LB1. Alimentacao-Drogaria-Vet:Drogaria
^
D17/06'2009
MCAPIM SANTO
T-49.67
PRestaurantes
LC1. Lazer-Estetica-Vestuario-Celular:Restaurantes
^
D19/06'2009
MLEVIN
T-327.00
PRestaurantes
LC1. Lazer-Estetica-Vestuario-Celular:Restaurantes
^
D19/06'2009
MLIVR CULTURA
T-29.90
POutros
LE1. Extraordinarias (Ongoing):Residencia Moveis-Eletro-Servicos
^
D20/06'2009
MAPPLEBEES MORUMBI
T-103.25
PRestaurantes
LC1. Lazer-Estetica-Vestuario-Celular:Restaurantes
^
D20/06'2009
MZEKA CABELEREIRO
T-347.00
PZeka Cabelereiro
LC1. Lazer-Estetica-Vestuario-Celular:Estetica-Massagem
^
D23/06'2009
MSHIOZAWA SHIATSU
T-68.00
POutros
LC1. Lazer-Estetica-Vestuario-Celular:Estetica-Massagem
^
D24/06'2009
MCENTRO COM SER VENEZ
T-115.03
PCombustível
LF. Automoveis:Combustivel-Lavagem-Oleo
^
D27/06'2009
MAMERICA VILLA LOBOS
T-159.70
PRestaurantes
LC1. Lazer-Estetica-Vestuario-Celular:Restaurantes
^
D27/06'2009
MPUKET VILLA LOBOS
T-85.70
POutros
LC1. Lazer-Estetica-Vestuario-Celular:Vestuario Eduardo-Carla
^
D28/06'2009
MCARREFOUR ERE 071 04/06
T-55.98
PSupermercado
LB1. Alimentacao-Drogaria-Vet:Mercado-Padaria-Vinhos
^
D28/06'2009
MPB KIDS TAMBORE 01/02
T-59.94
POutros
LE1. Extraordinarias (Ongoing):Presentes
^
D28/06'2009
MDROGASIL LJ 170 01/02
T-66.73
PDrogaria
LB1. Alimentacao-Drogaria-Vet:Drogaria
^
D28/06'2009
MDROGASIL LJ 170 03/03
T-76.14
PDrogaria
LB1. Alimentacao-Drogaria-Vet:Drogaria
^
D28/06'2009
MGRUPO CARRERA 03/03
T-80.00
POutros
LF. Automoveis:Manutencao-Revisao Auto
^
D28/06'2009
MAHOLIC 01/02
T-81.80
POutros
LC1. Lazer-Estetica-Vestuario-Celular:Vestuario Marina-Felipe
^
D28/06'2009
MDROGASIL LJ 170 01/02
T-83.09
PDrogaria
LB1. Alimentacao-Drogaria-Vet:Drogaria
^
D28/06'2009
MAUTO ESCOLA MARC 02/02
T-111.50
POutros
LF. Automoveis:Manutencao-Revisao Auto
^
D28/06'2009
MVILA ROMANA SUL N 04/04
T-124.34
PVila Romana
LC1. Lazer-Estetica-Vestuario-Celular:Vestuario Eduardo-Carla
^
D28/06'2009
MVILA ROMANA CSJ 01/03
T-126.60
PVila Romana
LC1. Lazer-Estetica-Vestuario-Celular:Vestuario Eduardo-Carla
^
D28/06'2009
MKID STOK - SH ELD 01/03
T-35.33
POutros
LC1. Lazer-Estetica-Vestuario-Celular:Vestuario Eduardo-Carla
^
D28/06'2009
MCHICLETARIA VILLA 03/03
T-54.34
POutros
LC1. Lazer-Estetica-Vestuario-Celular:Vestuario Eduardo-Carla
^
D28/06'2009
MLOJAS RENNER 01/03
T-66.53
PLojas
LC1. Lazer-Estetica-Vestuario-Celular:Vestuario Eduardo-Carla
^
D28/06'2009
MHERING 01/03
T-119.97
POutros
LC1. Lazer-Estetica-Vestuario-Celular:Vestuario Eduardo-Carla
^
D28/06'2009
MFASCAR VILLA LOBO 02/04
T-122.25
POutros
LE1. Extraordinarias (Ongoing):Presentes
^
D28/06'2009
MGREGORY 03/03
T-151.34
POutros
LC1. Lazer-Estetica-Vestuario-Celular:Vestuario Eduardo-Carla
^
D28/06'2009
MZARA MORUMBI 05/05
T-155.40
PZara
LC1. Lazer-Estetica-Vestuario-Celular:Vestuario Eduardo-Carla
^
D28/06'2009
MZARA BRASIL PAULI 01/03
T-170.33
PZara
LC1. Lazer-Estetica-Vestuario-Celular:Vestuario Eduardo-Carla
^
D01/07'2009
MCENTRO COM SER VENEZ
T-128.21
PCombustível
LF. Automoveis:Combustivel-Lavagem-Oleo
^
D01/07'2009
MFASCAR VILLA LOBO 03/04
T-122.25
POutros
LE1. Extraordinarias (Ongoing):Presentes
^
D02/07'2009
MSUPERMERCADOS MAMBO
T-594.13
PMambo Supermercado
LB1. Alimentacao-Drogaria-Vet:Mercado-Padaria-Vinhos
^
D03/07'2009
MDROGA RAIA F 21
T-65.01
PDrogaria
LB1. Alimentacao-Drogaria-Vet:Drogaria
^
D03/07'2009
MFANTASTIC SPORTS
T-99.00
POutros
LE1. Extraordinarias (Ongoing):Presentes
^
D03/07'2009
MPAYPAL *BARNESNOBLE
T-177.51
POutros
LE1. Extraordinarias (Ongoing):Residencia Moveis-Eletro-Servicos
^
D04/07'2009
MMOB 01/02
T-94.50
POutros
LE1. Extraordinarias (Ongoing):Presentes
^
D04/07'2009
MZEKA CABELEREIRO
T-68.00
PZeka Cabelereiro
LC1. Lazer-Estetica-Vestuario-Celular:Estetica-Massagem
^
D05/07'2009
MMASSAS RICCI
T-33.60
PRestaurantes
LC1. Lazer-Estetica-Vestuario-Celular:Restaurantes
^
D06/07'2009
MAHOLIC 02/02
T-81.80
POutros
LC1. Lazer-Estetica-Vestuario-Celular:Vestuario Marina-Felipe
^
D07/07'2009
MPARRILLA ARGENTINA
T-253.39
PRestaurantes
LC1. Lazer-Estetica-Vestuario-Celular:Restaurantes
^
D09/07'2009
MEQUUS OSASCO 01/03
T-72.96
POutros
LE1. Extraordinarias (Ongoing):Presentes
^
D10/07'2009
MZEKA CABELEREIRO
T-37.00
PZeka Cabelereiro
LC1. Lazer-Estetica-Vestuario-Celular:Estetica-Massagem
^
D10/07'2009
MRESTAURANTE HIRO
T-76.90
PRestaurantes
LC1. Lazer-Estetica-Vestuario-Celular:Restaurantes
^
D10/07'2009
MCENTRO COM SER VENEZ
T-81.01
PCombustível
LF. Automoveis:Combustivel-Lavagem-Oleo
^
D10/07'2009
MDROGASIL LJ 170 02/02
T-66.74
PDrogaria
LB1. Alimentacao-Drogaria-Vet:Drogaria
^
D10/07'2009
MREI DO OLEO 01/02
T-100.70
POutros
LF. Automoveis:Combustivel-Lavagem-Oleo
^
D10/07'2009
MEQUUS SHOPP PAULI 01/02
T-79.95
POutros
LE1. Extraordinarias (Ongoing):Presentes
^
D12/07'2009
MCARREFOUR ERE 071 05/06
T-55.98
PSupermercado
LB1. Alimentacao-Drogaria-Vet:Mercado-Padaria-Vinhos
^
D13/07'2009
MCARTAO PERSONNALITE
T4,272.68
PMastercard Personnalite
L[Itau Personnalité]
^
D14/07'2009
MRESTAURANTE HIRO
T-110.22
PRestaurantes
LC1. Lazer-Estetica-Vestuario-Celular:Restaurantes
^
D14/07'2009
MCENTRO COM SER VENEZ
T-119.00
PCombustível
LF. Automoveis:Combustivel-Lavagem-Oleo
^
D14/07'2009
MDROGARIA BIFARMA 1
T-179.76
PDrogaria
LB1. Alimentacao-Drogaria-Vet:Drogaria
^
D14/07'2009
MVILA ROMANA CSJ 01/03
T-113.26
PVila Romana
LC1. Lazer-Estetica-Vestuario-Celular:Vestuario Eduardo-Carla
^
D16/07'2009
MINGRESSO FACIL PACAEMB
T-50.00
POutros
LC1. Lazer-Estetica-Vestuario-Celular:Cinema-Locadora-Esportes-Diversao
^
D17/07'2009
MINGRESSO RAPIDO K 01/02
T-152.15
POutros
LC1. Lazer-Estetica-Vestuario-Celular:Cinema-Locadora-Esportes-Diversao
^
D17/07'2009
MREST ROBIN DES BOIS LT
T-235.00
PRestaurantes
LC1. Lazer-Estetica-Vestuario-Celular:Restaurantes
^
D18/07'2009
MSANTO DESCANSO
T-81.10
PRestaurantes
LC1. Lazer-Estetica-Vestuario-Celular:Restaurantes
^
D18/07'2009
MCENTRO COM SER VENEZ
T-124.51
PCombustível
LF. Automoveis:Combustivel-Lavagem-Oleo
^
D19/07'2009
MDROGASIL SA LJ 058
T-173.25
PDrogaria
LB1. Alimentacao-Drogaria-Vet:Drogaria
^
D19/07'2009
MKID STOK - SH ELD 02/03
T-35.33
POutros
LC1. Lazer-Estetica-Vestuario-Celular:Vestuario Eduardo-Carla
^
D19/07'2009
MLOJAS RENNER 02/03
T-66.53
PLojas
LC1. Lazer-Estetica-Vestuario-Celular:Vestuario Eduardo-Carla
^
D20/07'2009
MVIENA VCNA
T-47.70
PRestaurantes
LC1. Lazer-Estetica-Vestuario-Celular:Restaurantes
^
D20/07'2009
MZARA BRASIL PAULI 02/03
T-170.33
PZara
LC1. Lazer-Estetica-Vestuario-Celular:Vestuario Eduardo-Carla
^
D21/07'2009
MDESFRUTTI
T-46.32
PRestaurantes
LC1. Lazer-Estetica-Vestuario-Celular:Restaurantes
^
D22/07'2009
MAGUA DE COCO 01/05
T-133.70
POutros
LC1. Lazer-Estetica-Vestuario-Celular:Vestuario Eduardo-Carla
^
D23/07'2009
MPB KIDS TAMBORE 02/02
T-59.95
POutros
LE1. Extraordinarias (Ongoing):Presentes
^
D23/07'2009
MDROGASIL LJ 170 01/02
T-83.67
PDrogaria
LB1. Alimentacao-Drogaria-Vet:Drogaria
^
D23/07'2009
MBALANGANDA 01/03
T-55.00
POutros
LC1. Lazer-Estetica-Vestuario-Celular:Vestuario Eduardo-Carla
^
D25/07'2009
MZEKA CABELEREIRO
T-95.00
PZeka Cabelereiro
LC1. Lazer-Estetica-Vestuario-Celular:Estetica-Massagem
^
D26/07'2009
MVILA ROMANA CSJ 02/03
T-126.60
PVila Romana
LC1. Lazer-Estetica-Vestuario-Celular:Vestuario Eduardo-Carla
^
D27/07'2009
MMC DONALD S
T-18.50
PRestaurantes
LC1. Lazer-Estetica-Vestuario-Celular:Restaurantes
^
D27/07'2009
MVIENA VCNA
T-46.00
PRestaurantes
LC1. Lazer-Estetica-Vestuario-Celular:Restaurantes
^
D27/07'2009
MHERING 02/03
T-119.97
POutros
LC1. Lazer-Estetica-Vestuario-Celular:Vestuario Eduardo-Carla
^
D28/07'2009
MVIENA
T-23.90
PRestaurantes
LC1. Lazer-Estetica-Vestuario-Celular:Restaurantes
^
D28/07'2009
MDESFRUTTI
T-28.77
PRestaurantes
LC1. Lazer-Estetica-Vestuario-Celular:Restaurantes
^
D29/07'2009
MANDIAMO VILLA LOBOS
T-43.20
PRestaurantes
LC1. Lazer-Estetica-Vestuario-Celular:Restaurantes
^
D30/07'2009
MCRAWFORD IGUATEM 01/05
T-176.89
POutros
LC1. Lazer-Estetica-Vestuario-Celular:Vestuario Eduardo-Carla
^
D30/07'2009
MKILOS
T-15.00
PRestaurantes
LC1. Lazer-Estetica-Vestuario-Celular:Restaurantes
^
D30/07'2009
MZARA IGUATEMI 01/03
T-114.33
PZara
LC1. Lazer-Estetica-Vestuario-Celular:Vestuario Eduardo-Carla
^
D31/07'2009
MDROGASIL LJ 170 02/02
T-83.09
PDrogaria
LB1. Alimentacao-Drogaria-Vet:Drogaria
^
D01/08'2009
MPAO DO PARQUE
T-6.68
PPao do Parque
LB1. Alimentacao-Drogaria-Vet:Mercado-Padaria-Vinhos
^
D01/08'2009
MFRUTARIA COLLINAS
T-9.00
PSupermercado
LB1. Alimentacao-Drogaria-Vet:Mercado-Padaria-Vinhos
^
D01/08'2009
MAMOR AOS PEDACOS
T-10.00
PRestaurantes
LC1. Lazer-Estetica-Vestuario-Celular:Restaurantes
^
D01/08'2009
MHAVANA
T-10.23
PRestaurantes
LC1. Lazer-Estetica-Vestuario-Celular:Restaurantes
^
D01/08'2009
MACOUGUE E DERIVADOS
T-30.00
PAçougue
LB1. Alimentacao-Drogaria-Vet:Mercado-Padaria-Vinhos
^
D01/08'2009
MEST DIF COT DOLAR
T-6.09
POutros
LI. Taxas Bancarias:Encargos-Juros
^
D01/08'2009
MFASCAR VILLA LOBO 04/04
T-122.25
POutros
LC1. Lazer-Estetica-Vestuario-Celular:Vestuario Eduardo-Carla
^
D02/08'2009
MIMPOSTO COMPRA INT-IOF
T-4.21
PGoverno
LH. Impostos Federais:CPMF-IOF
^
D03/08'2009
MVIV CAMARAO S SH OSASC
T-18.80
PRestaurantes
LC1. Lazer-Estetica-Vestuario-Celular:Restaurantes
^
D03/08'2009
MSHIOZAWA SHIATSU
T-70.00
POutros
LC1. Lazer-Estetica-Vestuario-Celular:Estetica-Massagem
^
D03/08'2009
MCENTRO COM SER VENEZ
T-120.51
PCombustível
LF. Automoveis:Combustivel-Lavagem-Oleo
^
D04/08'2009
MCENTRO COM SER VENEZ
T-117.02
PCombustível
LF. Automoveis:Combustivel-Lavagem-Oleo
^
D04/08'2009
MMOB 02/02
T-94.50
POutros
LE1. Extraordinarias (Ongoing):Presentes
^
D04/08'2009
MSTARBUCKS CERC CEZAR
T-16.70
PRestaurantes
LC1. Lazer-Estetica-Vestuario-Celular:Restaurantes
^
D04/08'2009
MSPOLETO NJ ALAMEDA SAN
T-26.50
PRestaurantes
LC1. Lazer-Estetica-Vestuario-Celular:Restaurantes
^
D05/08'2009
MDROGA RAIA 223
T-27.76
PDrogaria
LB1. Alimentacao-Drogaria-Vet:Drogaria
^
D06/08'2009
MKOPENHAGEN EMPRESARIA
T-5.80
PRestaurantes
LC1. Lazer-Estetica-Vestuario-Celular:Restaurantes
^
D06/08'2009
MROUPARIA MONTAG
T-115.00
POutros
LC1. Lazer-Estetica-Vestuario-Celular:Vestuario Eduardo-Carla
^
D07/08'2009
MROCKTES COM ALIM
T-127.27
PRestaurantes
LC1. Lazer-Estetica-Vestuario-Celular:Restaurantes
^
D08/08'2009
MYACHTSMAN
T-128.00
POutros
LE1. Extraordinarias (Ongoing):Presentes
^
D08/08'2009
MSPEEDO 01/03
T-50.26
POutros
LC1. Lazer-Estetica-Vestuario-Celular:Vestuario Eduardo-Carla
^
D08/08'2009
MANY ANY 01/04
T-86.50
POutros
LC1. Lazer-Estetica-Vestuario-Celular:Vestuario Eduardo-Carla
^
D09/08'2009
MEQUUS OSASCO 02/03
T-72.96
POutros
LE1. Extraordinarias (Ongoing):Presentes
^
D10/08'2009
MREI DO OLEO 02/02
T-100.70
POutros
LF. Automoveis:Combustivel-Lavagem-Oleo
^
D10/08'2009
MEQUUS SHOPP PAULI 02/02
T-79.95
POutros
LC1. Lazer-Estetica-Vestuario-Celular:Vestuario Eduardo-Carla
^
D11/08'2009
MEXTRA JAGUARE 1357
T-217.13
PExtra
LB1. Alimentacao-Drogaria-Vet:Mercado-Padaria-Vinhos
^
D12/08'2009
MCARTAO PERSONNALITE
T5,292.88
PMastercard Personnalite
L[Itau Personnalité]
^
D12/08'2009
MDROGA RAIA 223
T-38.03
PDrogaria
LB1. Alimentacao-Drogaria-Vet:Drogaria
^
D13/08'2009
MCENTRO COM SER VENEZ
T-123.50
PCombustível
LF. Automoveis:Combustivel-Lavagem-Oleo
^
D14/08'2009
MVILA ROMANA CSJ 02/03
T-113.26
PVila Romana
LC1. Lazer-Estetica-Vestuario-Celular:Vestuario Eduardo-Carla
^
D15/08'2009
MAMOR AOS PEDACOS
T-28.38
PRestaurantes
LC1. Lazer-Estetica-Vestuario-Celular:Restaurantes
^
D15/08'2009
MZEKA CABELEREIRO
T-86.00
PZeka Cabelereiro
LC1. Lazer-Estetica-Vestuario-Celular:Estetica-Massagem
^
D15/08'2009
MSANTO DESCANSO
T-87.80
PRestaurantes
LC1. Lazer-Estetica-Vestuario-Celular:Restaurantes
^
D16/08'2009
MAPPLEBEE S
T-155.82
PRestaurantes
LC1. Lazer-Estetica-Vestuario-Celular:Restaurantes
^
D17/08'2009
MTHE FIFTIES DELIVERY
T-56.42
PRestaurantes
LC1. Lazer-Estetica-Vestuario-Celular:Restaurantes
^
D17/08'2009
MINGRESSO RAPIDO K 02/02
T-152.15
POutros
LC1. Lazer-Estetica-Vestuario-Celular:Cinema-Locadora-Esportes-Diversao
^
D18/08'2009
MDROGASIL LJ 170 01/03
T-71.58
PDrogaria
LB1. Alimentacao-Drogaria-Vet:Drogaria
^
D19/08'2009
MKID STOK - SH ELD 03/03
T-35.34
POutros
LC1. Lazer-Estetica-Vestuario-Celular:Vestuario Eduardo-Carla
^
D19/08'2009
MLOJAS RENNER 03/03
T-66.54
PLojas
LC1. Lazer-Estetica-Vestuario-Celular:Vestuario Eduardo-Carla
^
D20/08'2009
MZARA BRASIL PAULI 03/03
T-170.34
PZara
LC1. Lazer-Estetica-Vestuario-Celular:Vestuario Eduardo-Carla
^
D21/08'2009
MPAO DO PARQUE
T-16.05
PPao do Parque
LB1. Alimentacao-Drogaria-Vet:Mercado-Padaria-Vinhos
^
D21/08'2009
MBANCA DA MARTHA
T-28.40
PRestaurantes
LC1. Lazer-Estetica-Vestuario-Celular:Restaurantes
^
D22/08'2009
MCALDEIRAO DA VILLA
T-98.22
PRestaurantes
LC1. Lazer-Estetica-Vestuario-Celular:Restaurantes
^
D22/08'2009
MCENTRO COM SER VENEZ
T-101.81
PCombustível
LF. Automoveis:Combustivel-Lavagem-Oleo
^
D22/08'2009
MAGUA DE COCO 02/05
T-133.70
POutros
LC1. Lazer-Estetica-Vestuario-Celular:Vestuario Eduardo-Carla
^
D22/08'2009
MDOMAIN NAME REGISTRATI
T-75.11
POutros
LE2. Extraordinarias (One Time):Investimentos na Empresa
^
D23/08'2009
MDROGASIL LJ 170 02/02
T-83.68
PDrogaria
LB1. Alimentacao-Drogaria-Vet:Drogaria
^
D23/08'2009
MBALANGANDA 02/03
T-55.00
POutros
LC1. Lazer-Estetica-Vestuario-Celular:Vestuario Eduardo-Carla
^
D24/08'2009
MSANTO DESCANSO
T-11.70
PRestaurantes
LC1. Lazer-Estetica-Vestuario-Celular:Restaurantes
^
D24/08'2009
MDA FRANCO RISTORANTE
T-44.00
PRestaurantes
LC1. Lazer-Estetica-Vestuario-Celular:Restaurantes
^
D25/08'2009
MTRATORIA DO PIERO
T-60.74
PRestaurantes
LC1. Lazer-Estetica-Vestuario-Celular:Restaurantes
^
D25/08'2009
MVIENA VCNA
T-18.20
PRestaurantes
LC1. Lazer-Estetica-Vestuario-Celular:Restaurantes
^
D26/08'2009
MBELLO RESTAURANTE
T-16.25
PRestaurantes
LC1. Lazer-Estetica-Vestuario-Celular:Restaurantes
^
D26/08'2009
MVILA ROMANA CSJ 03/03
T-126.60
PVila Romana
LC1. Lazer-Estetica-Vestuario-Celular:Vestuario Eduardo-Carla
^
D27/08'2009
MCENTRO COM SER VENEZ
T-119.58
PCombustível
LF. Automoveis:Combustivel-Lavagem-Oleo
^
D27/08'2009
MPAO DE ACUCAR LJ 2352
T-371.89
PPao de Açucar
LB1. Alimentacao-Drogaria-Vet:Mercado-Padaria-Vinhos
^
D27/08'2009
MHERING 03/03
T-119.98
POutros
LC1. Lazer-Estetica-Vestuario-Celular:Vestuario Eduardo-Carla
^
D28/08'2009
MDESFRUTTI
T-26.19
PRestaurantes
LC1. Lazer-Estetica-Vestuario-Celular:Restaurantes
^
D30/08'2009
MZARA IGUATEMI 02/03
T-114.33
PZara
LC1. Lazer-Estetica-Vestuario-Celular:Vestuario Eduardo-Carla
^
D30/08'2009
MCRAWFORD IGUATEM 02/05
T-176.89
POutros
LC1. Lazer-Estetica-Vestuario-Celular:Vestuario Eduardo-Carla
^
D30/08'2009
MSANTO DESCANSO
T-79.57
PRestaurantes
LC1. Lazer-Estetica-Vestuario-Celular:Restaurantes
^
D30/08'2009
MCENTRO COM SER VENEZ
T-84.00
PCombustível
LF. Automoveis:Combustivel-Lavagem-Oleo
^
D31/08'2009
MGAIA GRILL
T-17.48
PRestaurantes
LC1. Lazer-Estetica-Vestuario-Celular:Restaurantes
^
D31/08'2009
MGRAO EXPRESSO
T-10.60
PRestaurantes
LC1. Lazer-Estetica-Vestuario-Celular:Restaurantes
^
D01/09'2009
MIMPOSTO COMPRA INT-IOF
T-1.79
PGoverno
LH. Impostos Federais:CPMF-IOF
^
D01/09'2009
MEST DIF COT DOLAR
T3.87
PMastercard Personnalite
LB. Outras Receitas:Ajustes
^
D01/09'2009
MEST DIF COT DOLAR
T2.45
PMastercard Personnalite
LB. Outras Receitas:Ajustes
^
D02/09'2009
MSANTO DESCANSO
T-20.60
PRestaurantes
LC1. Lazer-Estetica-Vestuario-Celular:Restaurantes
^
D02/09'2009
MAUTO POSTO HUNGRIA
T-66.29
PCombustível
LF. Automoveis:Combustivel-Lavagem-Oleo
^
D03/09'2009
MSHIOZAWA SHIATSU
T-70.00
POutros
LC1. Lazer-Estetica-Vestuario-Celular:Estetica-Massagem
^
D03/09'2009
MAMERICA PAULISTA
T-44.25
PRestaurantes
LC1. Lazer-Estetica-Vestuario-Celular:Restaurantes
^
D05/09'2009
MCAR WASH
T-49.30
POutros
LE1. Extraordinarias (Ongoing):Taxi-Estacionamento
^
D06/09'2009
MPAO DO PARQUE
T-32.39
PPao do Parque
LB1. Alimentacao-Drogaria-Vet:Mercado-Padaria-Vinhos
^
D06/09'2009
MREST.SP FUT CLUBE 3673
T-100.00
PRestaurantes
LC1. Lazer-Estetica-Vestuario-Celular:Restaurantes
^
D06/09'2009
MSUPERMERCADOS MAMBO
T-162.59
PMambo Supermercado
LB1. Alimentacao-Drogaria-Vet:Mercado-Padaria-Vinhos
^
D07/09'2009
MSANTO DESCANSO
T-73.70
PRestaurantes
LC1. Lazer-Estetica-Vestuario-Celular:Restaurantes
^
D08/09'2009
MSPEEDO 02/03
T-50.26
POutros
LC1. Lazer-Estetica-Vestuario-Celular:Vestuario Eduardo-Carla
^
D08/09'2009
MANY ANY 02/04
T-86.50
POutros
LC1. Lazer-Estetica-Vestuario-Celular:Vestuario Eduardo-Carla
^
D09/09'2009
MDROGASIL LJ 170 01/02
T-64.73
PDrogaria
LB1. Alimentacao-Drogaria-Vet:Drogaria
^
D09/09'2009
MEQUUS OSASCO 03/03
T-72.98
POutros
LE1. Extraordinarias (Ongoing):Presentes
^
D11/09'2009
MSUPERMERCADOS MAMBO
T-516.71
PMambo Supermercado
LB1. Alimentacao-Drogaria-Vet:Mercado-Padaria-Vinhos
^
D12/09'2009
MRI HAPPY BRINQUEDOS
T-59.99
PRi Happy
LE1. Extraordinarias (Ongoing):Presentes
^
D12/09'2009
MSANTO DESCANSO
T-64.97
PRestaurantes
LC1. Lazer-Estetica-Vestuario-Celular:Restaurantes
^
D12/09'2009
MEMPORIO BABY KIDS
T-102.20
POutros
LE1. Extraordinarias (Ongoing):Presentes
^
D12/09'2009
MC A AGUA ESPRAIADA
T-115.00
PCombustível
LF. Automoveis:Combustivel-Lavagem-Oleo
^
D12/09'2009
MZEKA CABELEREIRO
T-174.00
PZeka Cabelereiro
LC1. Lazer-Estetica-Vestuario-Celular:Estetica-Massagem
^
D14/09'2009
MCARTAO PERSONNALITE
T4,826.64
PMastercard Personnalite
L[Itau Personnalité]
^
D14/09'2009
MCENTER CAR AUTO POSTO
T-121.22
PCombustível
LF. Automoveis:Combustivel-Lavagem-Oleo
^
D14/09'2009
MVILA ROMANA CSJ 03/03
T-113.28
PVila Romana
LC1. Lazer-Estetica-Vestuario-Celular:Vestuario Eduardo-Carla
^
D14/09'2009
MGRILL HALL PAULISTA
T-18.00
PRestaurantes
LC1. Lazer-Estetica-Vestuario-Celular:Restaurantes
^
D15/09'2009
MDROGARIA BIFARMA 1
T-50.91
PDrogaria
LB1. Alimentacao-Drogaria-Vet:Drogaria
^
D16/09'2009
MDESFRUTTI
T-24.53
PRestaurantes
LC1. Lazer-Estetica-Vestuario-Celular:Restaurantes
^
D17/09'2009
MHAMBURGUERIA NACIONAL
T-44.00
PRestaurantes
LC1. Lazer-Estetica-Vestuario-Celular:Restaurantes
^
D17/09'2009
MTAM CALL CENTER 01/06
T-87.35
PCleora
LA4. Funcionários:Diarista - Diarias
^
D18/09'2009
MDROGASIL LJ 170 02/03
T-71.58
PDrogaria
LB1. Alimentacao-Drogaria-Vet:Drogaria
^
D18/09'2009
MDOCEIRA OFNER
T-11.80
PRestaurantes
LC1. Lazer-Estetica-Vestuario-Celular:Restaurantes
^
D18/09'2009
MPATEO DA LUZ
T-36.68
PRestaurantes
LC1. Lazer-Estetica-Vestuario-Celular:Restaurantes
^
D19/09'2009
MDROGA RAIA F 106 01/03
T-36.17
PDrogaria
LB1. Alimentacao-Drogaria-Vet:Drogaria
^
D20/09'2009
MMASSAS RICCI
T-19.00
PRestaurantes
LC1. Lazer-Estetica-Vestuario-Celular:Restaurantes
^
D21/09'2009
MDONA SO
T-15.40
PRestaurantes
LC1. Lazer-Estetica-Vestuario-Celular:Restaurantes
^
D21/09'2009
MDA FRANCO RISTORANTE
T-24.20
PRestaurantes
LC1. Lazer-Estetica-Vestuario-Celular:Restaurantes
^
D21/09'2009
MPAYPAL *MOBIHAND - USD 16,425
T-29.24
POutros
LE1. Extraordinarias (Ongoing):Residencia Moveis-Eletro-Servicos
^
D22/09'2009
MKAPPA SUSHI
T-38.80
PRestaurantes
LC1. Lazer-Estetica-Vestuario-Celular:Restaurantes
^
D22/09'2009
MAGUA DE COCO 03/05
T-133.70
POutros
LC1. Lazer-Estetica-Vestuario-Celular:Vestuario Eduardo-Carla
^
D23/09'2009
MTICIANA WERNER RESTAUR
T-32.92
PRestaurantes
LC1. Lazer-Estetica-Vestuario-Celular:Restaurantes
^
D23/09'2009
MBALANGANDA 03/03
T-55.00
POutros
LC1. Lazer-Estetica-Vestuario-Celular:Vestuario Eduardo-Carla
^
D23/09'2009
MTAM LOJAS 01/05
T-115.62
POutros
LE1. Extraordinarias (Ongoing):Presentes
^
D24/09'2009
MGAIA GRILL
T-19.07
PRestaurantes
LC1. Lazer-Estetica-Vestuario-Celular:Restaurantes
^
D24/09'2009
MGRILL HALL PAULISTA
T-17.62
PRestaurantes
LC1. Lazer-Estetica-Vestuario-Celular:Restaurantes
^
D25/09'2009
MCENTER CAR AUTO POSTO
T-117.02
PCombustível
LF. Automoveis:Combustivel-Lavagem-Oleo
^
D25/09'2009
MCARLOTA SP
T-277.20
PRestaurantes
LC1. Lazer-Estetica-Vestuario-Celular:Restaurantes
^
D26/09'2009
MMASSAS RICCI
T-19.70
PRestaurantes
LC1. Lazer-Estetica-Vestuario-Celular:Restaurantes
^
D27/09'2009
MPAO DO PARQUE
T-12.36
PPao do Parque
LB1. Alimentacao-Drogaria-Vet:Mercado-Padaria-Vinhos
^
D28/09'2009
MTAXA DE EMBARQUE
T-99.24
PCleora
LA4. Funcionários:Diarista - Diarias
^
D28/09'2009
MTAXA DE EMBARQUE
T-292.58
POutros
LE1. Extraordinarias (Ongoing):Presentes
^
D28/09'2009
MRESTAURANTE HIRO
T-75.00
PRestaurantes
LC1. Lazer-Estetica-Vestuario-Celular:Restaurantes
^
D28/09'2009
MAMAZON MKTPLACE PMTS - USD 149,33 - PEN/DVD/MOUSE
T-265.81
PAmazon
LD. Viagens:Compras
^
D28/09'2009
MAMAZON MKTPLACE PMTS - USD 23,94 - PEN DRIVE
T-42.61
PAmazon
LD. Viagens:Compras
^
D28/09'2009
MAmazon.com - USD 64,45 - CAR SEAT
T-114.72
PAmazon
LD. Viagens:Compras
^
D28/09'2009
MAMAZON MKTPLACE PMTS - USD 821,94 - NOTEBOOK
T-1,463.05
PAmazon
LE2. Extraordinarias (One Time):Investimentos na Empresa
^
D29/09'2009
MAMAZON MKTPLACE PMTS - USD 15,98 - ANTENNA
T-28.44
PAmazon
LD. Viagens:Compras
^
D30/09'2009
MDROGASIL LJ 170 01/02
T-47.01
PDrogaria
LB1. Alimentacao-Drogaria-Vet:Drogaria
^
D30/09'2009
MZARA IGUATEMI 03/03
T-114.34
PZara
LC1. Lazer-Estetica-Vestuario-Celular:Vestuario Eduardo-Carla
^
D30/09'2009
MCRAWFORD IGUATEM 03/05
T-176.89
POutros
LC1. Lazer-Estetica-Vestuario-Celular:Vestuario Eduardo-Carla
^
D30/09'2009
MGAIA GRILL
T-22.28
PRestaurantes
LC1. Lazer-Estetica-Vestuario-Celular:Restaurantes
^
D30/09'2009
MSANTO DESCANSO
T-81.47
PRestaurantes
LC1. Lazer-Estetica-Vestuario-Celular:Restaurantes
^
D30/09'2009
MSUPERMERCADOS MAMBO
T-370.24
PMambo Supermercado
LB1. Alimentacao-Drogaria-Vet:Mercado-Padaria-Vinhos
^
D01/10'2009
MIMPOSTO COMPRA INT-IOF - USD 25,99
T-46.27
PGoverno
LH. Impostos Federais:CPMF-IOF
^
D02/10'2009
MTOP SERV ELECT TEC FAS
T-43.00
POutros
LE1. Extraordinarias (Ongoing):Residencia Moveis-Eletro-Servicos
^
D03/10'2009
MSNACK POINT HAMBURGUER
T-62.04
PRestaurantes
LC1. Lazer-Estetica-Vestuario-Celular:Restaurantes
^
D03/10'2009
MDROGA RAIA LJ 24 01/03
T-37.12
PDrogaria
LB1. Alimentacao-Drogaria-Vet:Drogaria
^
D03/10'2009
MLEROY MERLIN RA 01/02
T-172.09
PLeroy Merlin
LE1. Extraordinarias (Ongoing):Residencia Moveis-Eletro-Servicos
^
D03/10'2009
MPAYPAL *JUSTIN TV
T-17.77
POutros
LC1. Lazer-Estetica-Vestuario-Celular:Cinema-Locadora-Esportes-Diversao
^
D03/10'2009
MOLD NAVY ON-LINE
T-504.59
POutros
LC1. Lazer-Estetica-Vestuario-Celular:Vestuario Marina-Felipe
^
D03/10'2009
MOLD NAVY ON-LINE
T-131.79
POutros
LC1. Lazer-Estetica-Vestuario-Celular:Vestuario Marina-Felipe
^
D04/10'2009
MPAO DO PARQUE
T-18.64
PPao do Parque
LB1. Alimentacao-Drogaria-Vet:Mercado-Padaria-Vinhos
^
D05/10'2009
MSANTO DESCANSO
T-74.34
PRestaurantes
LC1. Lazer-Estetica-Vestuario-Celular:Restaurantes
^
D07/10'2009
MC&C CASA E CONSTRUCAO
T-60.45
PC&C
LE1. Extraordinarias (Ongoing):Residencia Moveis-Eletro-Servicos
^
D07/10'2009
MDROGASIL LJ 170 01/03
T-32.14
PDrogaria
LB1. Alimentacao-Drogaria-Vet:Drogaria
^
D08/10'2009
MC A AGUA ESPRAIADA
T-128.00
PCombustível
LF. Automoveis:Combustivel-Lavagem-Oleo
^
D08/10'2009
MSPEEDO 03/03
T-50.28
POutros
LC1. Lazer-Estetica-Vestuario-Celular:Vestuario Eduardo-Carla
^
D08/10'2009
MANY ANY 03/04
T-86.50
POutros
LE1. Extraordinarias (Ongoing):Presentes
^
D09/10'2009
MDROGASIL LJ 170 02/02
T-64.74
PDrogaria
LB1. Alimentacao-Drogaria-Vet:Drogaria
^
D09/10'2009
MGAP ONLINE
T-733.24
POutros
LC1. Lazer-Estetica-Vestuario-Celular:Vestuario Eduardo-Carla
^
D09/10'2009
MGAP ONLINE
T-16.52
POutros
LC1. Lazer-Estetica-Vestuario-Celular:Vestuario Eduardo-Carla
^
D10/10'2009
MSUPERMERCAD ALVORADA
T-45.04
PSupermercado
LB1. Alimentacao-Drogaria-Vet:Mercado-Padaria-Vinhos
^
D10/10'2009
MGAP ONLINE
T-183.22
POutros
LC1. Lazer-Estetica-Vestuario-Celular:Vestuario Eduardo-Carla
^
D12/10'2009
MRESTAURANTE HIRO
T-65.00
PRestaurantes
LC1. Lazer-Estetica-Vestuario-Celular:Restaurantes
^
D12/10'2009
MM G DE S PICHININ
T-122.01
PCombustível
LF. Automoveis:Combustivel-Lavagem-Oleo
^
D13/10'2009
MCARTAO PERSONNALITE
T6,706.33
PMastercard Personnalite
L[Itau Personnalité]
^
D13/10'2009
MTHE FIFTIES FUNCHAL
T-33.44
PRestaurantes
LC1. Lazer-Estetica-Vestuario-Celular:Restaurantes
^
D14/10'2009
MCOBASI CEASA
T-38.45
POutros
LE1. Extraordinarias (Ongoing):Residencia Moveis-Eletro-Servicos
^
D14/10'2009
MCENTRO COM SER VENEZ
T-94.99
PCombustível
LF. Automoveis:Combustivel-Lavagem-Oleo
^
D14/10'2009
MPAO DE ACUCAR LJ 2352
T-277.53
PPao de Açucar
LB1. Alimentacao-Drogaria-Vet:Mercado-Padaria-Vinhos
^
D15/10'2009
MLANCH REST D PEIXOTO
T-38.64
PRestaurantes
LC1. Lazer-Estetica-Vestuario-Celular:Restaurantes
^
D17/10'2009
MESTACIONAMENTO JD SUL
T-6.00
PEstapar
LE1. Extraordinarias (Ongoing):Taxi-Estacionamento
^
D17/10'2009
MUCI CINEMAS
T-7.25
POutros
LC1. Lazer-Estetica-Vestuario-Celular:Cinema-Locadora-Esportes-Diversao
^
D17/10'2009
MUCI CINEMAS
T-20.00
POutros
LC1. Lazer-Estetica-Vestuario-Celular:Cinema-Locadora-Esportes-Diversao
^
D17/10'2009
MNAKOMBI
T-67.10
PRestaurantes
LC1. Lazer-Estetica-Vestuario-Celular:Restaurantes
^
D17/10'2009
MTAM CALL CENTER 02/06
T-87.33
PCleora
LA4. Funcionários:Diarista - Diarias
^
D18/10'2009
MDROGASIL LJ 170 03/03
T-71.60
PDrogaria
LB1. Alimentacao-Drogaria-Vet:Drogaria
^
D19/10'2009
MDROGA RAIA F 106 02/03
T-36.17
PDrogaria
LB1. Alimentacao-Drogaria-Vet:Drogaria
^
D19/10'2009
MSIME ESTACIONAMENTOS
T-10.00
PEstapar
LE1. Extraordinarias (Ongoing):Taxi-Estacionamento
^
D19/10'2009
MVIENA VCNA
T-16.90
PRestaurantes
LC1. Lazer-Estetica-Vestuario-Celular:Restaurantes
^
D20/10'2009
MDROGASIL FL 305
T-10.30
PDrogaria
LB1. Alimentacao-Drogaria-Vet:Drogaria
^
D20/10'2009
MA P DUQUE VILA LOBOS
T-50.00
PCombustível
LF. Automoveis:Combustivel-Lavagem-Oleo
^
D20/10'2009
MSHIOZAWA SHIATSU
T-110.00
POutros
LC1. Lazer-Estetica-Vestuario-Celular:Estetica-Massagem
^
D21/10'2009
MMENTOR MEDIA-WIN7 UPGR
T-72.87
POutros
LE1. Extraordinarias (Ongoing):Residencia Moveis-Eletro-Servicos
^
D22/10'2009
MDROGARIA BIFARMA 1
T-128.05
PDrogaria
LB1. Alimentacao-Drogaria-Vet:Drogaria
^
D22/10'2009
MAGUA DE COCO 04/05
T-133.70
POutros
LC1. Lazer-Estetica-Vestuario-Celular:Vestuario Eduardo-Carla
^
D23/10'2009
MDROGASIL LJ 170
T-84.06
PDrogaria
LB1. Alimentacao-Drogaria-Vet:Drogaria
^
D23/10'2009
MTAM LOJAS 02/05
T-115.58
POutros
LE1. Extraordinarias (Ongoing):Presentes
^
D24/10'2009
MSANTO DESCANSO
T-96.90
PRestaurantes
LC1. Lazer-Estetica-Vestuario-Celular:Restaurantes
^
D24/10'2009
MZEKA CABELEREIRO
T-98.00
PZeka Cabelereiro
LC1. Lazer-Estetica-Vestuario-Celular:Estetica-Massagem
^
D25/10'2009
MEXTRA JAGUARE 1357
T-694.82
PExtra
LB1. Alimentacao-Drogaria-Vet:Mercado-Padaria-Vinhos
^
D25/10'2009
MTRANSFER EXPRESS
T-45.78
POutros
LE2. Extraordinarias (One Time):Investimentos na Empresa
^
D27/10'2009
MPAYPAL *SKYPE
T-25.73
PMicrosoft
LE1. Extraordinarias (Ongoing):Assinaturas-Licencas
^
D28/10'2009
MPARRILLA ARGENTINA
T-33.06
PRestaurantes
LC1. Lazer-Estetica-Vestuario-Celular:Restaurantes
^
D30/10'2009
MDROGASIL LJ 170 02/02
T-47.01
PDrogaria
LB1. Alimentacao-Drogaria-Vet:Drogaria
^
D30/10'2009
MCRAWFORD IGUATEM 04/05
T-176.89
POutros
LC1. Lazer-Estetica-Vestuario-Celular:Vestuario Eduardo-Carla
^
D30/10'2009
MDUTY FREE SHOP DOLARES
T-122.71
PDufry
LD. Viagens:Compras
^
D30/10'2009
MGRAND KING HOTEL
T-531.77
POutros
LE2. Extraordinarias (One Time):Investimentos na Empresa
^
D30/10'2009
MWINERY
T-448.55
POutros
LB1. Alimentacao-Drogaria-Vet:Mercado-Padaria-Vinhos
^
D31/10'2009
MGUARUCOOP
T-113.29
POutros
LE1. Extraordinarias (Ongoing):Taxi-Estacionamento
^
D31/10'2009
MRESTAURANTE HIRO
T-118.69
PRestaurantes
LC1. Lazer-Estetica-Vestuario-Celular:Restaurantes
^
D31/10'2009
MCENTRO COM SER VENEZ
T-132.00
PCombustível
LF. Automoveis:Combustivel-Lavagem-Oleo
^
D31/10'2009
MDUFRY DUTY FREE AISP
T-291.51
PDufry
LD. Viagens:Compras
^
D01/11'2009
MMASSAS RICCI
T-36.00
PRestaurantes
LC1. Lazer-Estetica-Vestuario-Celular:Restaurantes
^
D01/11'2009
MSANTO DESCANSO
T-94.50
PRestaurantes
LC1. Lazer-Estetica-Vestuario-Celular:Restaurantes
^
D01/11'2009
MIMPOSTO COMPRA INT-IOF
T-27.32
PGoverno
LH. Impostos Federais:CPMF-IOF
^
D01/11'2009
MWORLD CAR SA
T-52.64
POutros
LE2. Extraordinarias (One Time):Investimentos na Empresa
^
D01/11'2009
MDUTY FREE SHOP DOLARES
T-127.97
PDufry
LD. Viagens:Compras
^
D02/11'2009
MEST DIF COT DOLAR
T44.72
PMastercard Personnalite
LC. Reembolsos:Reembolso
^
D02/11'2009
MIMPOSTO COMPRA INT-IOF
T-74.39
PGoverno
LH. Impostos Federais:CPMF-IOF
^
D02/11'2009
MMASSAS RICCI
T-45.20
PRestaurantes
LC1. Lazer-Estetica-Vestuario-Celular:Restaurantes
^
D02/11'2009
MTax-Free Refund
T65.91
POutros
LC. Reembolsos:Reembolso
^
D03/11'2009
MDROGA RAIA LJ 24 02/03
T-37.12
PDrogaria
LB1. Alimentacao-Drogaria-Vet:Drogaria
^
D03/11'2009
MLEROY MERLIN RA 02/02
T-172.10
PLeroy Merlin
LE1. Extraordinarias (Ongoing):Residencia Moveis-Eletro-Servicos
^
D03/11'2009
MSAO PARKING
T-26.00
PEstapar
LE1. Extraordinarias (Ongoing):Taxi-Estacionamento
^
D05/11'2009
MCAMICADO E-COMMER 01/02
T-77.00
POutros
LE1. Extraordinarias (Ongoing):Presentes
^
D05/11'2009
MLAS NAZARENAS
T-51.29
PRestaurantes
LC1. Lazer-Estetica-Vestuario-Celular:Restaurantes
^
D06/11'2009
MTABACARIA ROMA
T-9.25
POutros
LE1. Extraordinarias (Ongoing):Presentes
^
D06/11'2009
MHOTEL SAN ANTONIO
T-753.42
POutros
LE2. Extraordinarias (One Time):Investimentos na Empresa
^
D06/11'2009
MDUTY FREE SHOP DOLARES
T-216.82
PDufry
LD. Viagens:Compras
^
D07/11'2009
MDROGASIL LJ 170 02/03
T-32.14
PDrogaria
LB1. Alimentacao-Drogaria-Vet:Drogaria
^
D08/11'2009
MFRUTARIA COLLINAS
T-16.16
PSupermercado
LB1. Alimentacao-Drogaria-Vet:Mercado-Padaria-Vinhos
^
D08/11'2009
MHORT CENTER
T-19.45
POutros
LB1. Alimentacao-Drogaria-Vet:Mercado-Padaria-Vinhos
^
D08/11'2009
MANY ANY 04/04
T-86.50
POutros
LE1. Extraordinarias (Ongoing):Presentes
^
D09/11'2009
MESTAPAR STA CASA
T-16.00
PEstapar
LE1. Extraordinarias (Ongoing):Taxi-Estacionamento
^
D09/11'2009
MCENTRO COM SER VENEZ
T-116.02
PCombustível
LF. Automoveis:Combustivel-Lavagem-Oleo
^
D10/11'2009
MGRILL HALL PAULISTA
T-16.25
PRestaurantes
LC1. Lazer-Estetica-Vestuario-Celular:Restaurantes
^
D10/11'2009
MPAO DO PARQUE
T-21.41
PPao do Parque
LB1. Alimentacao-Drogaria-Vet:Mercado-Padaria-Vinhos
^
D11/11'2009
MCLARO LJ VILLA LOBOS
T-15.00
PClaro Loja
LC1. Lazer-Estetica-Vestuario-Celular:Celular
^
D11/11'2009
MCLARO LJ VILLA LOBOS
T-20.00
PClaro Loja
LC1. Lazer-Estetica-Vestuario-Celular:Celular
^
D12/11'2009
MCARTAO PERSONNALITE
T7,200.85
PMastercard Personnalite
L[Itau Personnalité]
^
D14/11'2009
MSUPERMERCADOS MAMBO
T-37.98
PMambo Supermercado
LB1. Alimentacao-Drogaria-Vet:Mercado-Padaria-Vinhos
^
D14/11'2009
MPAO DO PARQUE
T-104.11
PPao do Parque
LB1. Alimentacao-Drogaria-Vet:Mercado-Padaria-Vinhos
^
D14/11'2009
MPOLYTEC 01/02
T-50.00
POutros
LE1. Extraordinarias (Ongoing):Residencia Moveis-Eletro-Servicos
^
D14/11'2009
MGAMESAVER SUBSCRIPTION
T-12.02
POutros
LE1. Extraordinarias (Ongoing):Residencia Moveis-Eletro-Servicos
^
D15/11'2009
MMASSAS RICCI
T-42.50
PRestaurantes
LC1. Lazer-Estetica-Vestuario-Celular:Restaurantes
^
D15/11'2009
MDROGASIL SA LJ 058
T-84.93
PDrogaria
LB1. Alimentacao-Drogaria-Vet:Drogaria
^
D15/11'2009
MDIGO S
T-127.15
POutros
LE1. Extraordinarias (Ongoing):Presentes
^
D17/11'2009
MWAL MART LJ 2801 PDV
T-597.16
PSupermercado
LB1. Alimentacao-Drogaria-Vet:Mercado-Padaria-Vinhos
^
D17/11'2009
MTAM CALL CENTER 03/06
T-87.33
PCleora
LA4. Funcionários:Diarista - Diarias
^
D17/11'2009
MLA ARENA PARRILLA
T-38.12
PRestaurantes
LC1. Lazer-Estetica-Vestuario-Celular:Restaurantes
^
D18/11'2009
MFLORES ON LINE
T-17.30
POutros
LE1. Extraordinarias (Ongoing):Presentes
^
D18/11'2009
MFLORES ON LINE
T-79.80
POutros
LE1. Extraordinarias (Ongoing):Presentes
^
D19/11'2009
MEXTRA CAR AUTO POSTO L
T-60.00
PCombustível
LF. Automoveis:Combustivel-Lavagem-Oleo
^
D19/11'2009
MDROGA RAIA F 106 03/03
T-36.17
PDrogaria
LB1. Alimentacao-Drogaria-Vet:Drogaria
^
D19/11'2009
MVIENA VCNA
T-8.90
PRestaurantes
LC1. Lazer-Estetica-Vestuario-Celular:Restaurantes
^
D19/11'2009
MVILA ROMANA CSJ
T-154.90
PVila Romana
LC1. Lazer-Estetica-Vestuario-Celular:Vestuario Eduardo-Carla
^
D19/11'2009
MMAGAZINE KLEBER 01/02
T-41.95
POutros
LC1. Lazer-Estetica-Vestuario-Celular:Vestuario Eduardo-Carla
^
D20/11'2009
MRESTAURANTE HIRO
T-147.18
PRestaurantes
LC1. Lazer-Estetica-Vestuario-Celular:Restaurantes
^
D20/11'2009
MAMOR AOS PEDACOS
T-29.05
PRestaurantes
LC1. Lazer-Estetica-Vestuario-Celular:Restaurantes
^
D20/11'2009
MCHICLETARIA VILLA LOBO
T-50.00
POutros
LC1. Lazer-Estetica-Vestuario-Celular:Vestuario Eduardo-Carla
^
D20/11'2009
MHAVAIANAS VILLA LOBOS
T-60.80
POutros
LC1. Lazer-Estetica-Vestuario-Celular:Vestuario Eduardo-Carla
^
D20/11'2009
MPIRLIMPIMPIM 01/02
T-109.50
POutros
LC1. Lazer-Estetica-Vestuario-Celular:Vestuario Eduardo-Carla
^
D21/11'2009
MINGRESSO.COM
T-12.80
PIngresso
LC1. Lazer-Estetica-Vestuario-Celular:Cinema-Locadora-Esportes-Diversao
^
D21/11'2009
MBAKED POTATOR JD SUL
T-31.80
PRestaurantes
LC1. Lazer-Estetica-Vestuario-Celular:Restaurantes
^
D21/11'2009
MZEKA CABELEREIRO
T-160.00
PZeka Cabelereiro
LC1. Lazer-Estetica-Vestuario-Celular:Estetica-Massagem
^
D21/11'2009
MINGRESSO.COM
T-12.80
PIngresso
LC1. Lazer-Estetica-Vestuario-Celular:Cinema-Locadora-Esportes-Diversao
^
D22/11'2009
MAGUA DE COCO 05/05
T-133.70
POutros
LC1. Lazer-Estetica-Vestuario-Celular:Vestuario Eduardo-Carla
^
D23/11'2009
MTAM LOJAS 03/05
T-115.58
POutros
LE1. Extraordinarias (Ongoing):Presentes
^
D24/11'2009
MLIVR CULTURA 01/02
T-69.90
POutros
LE1. Extraordinarias (Ongoing):Residencia Moveis-Eletro-Servicos
^
D27/11'2009
MA P PQ VILLA LOBOS
T-139.82
PCombustível
LF. Automoveis:Combustivel-Lavagem-Oleo
^
D27/11'2009
MO BOTICARIO VILLA LOBO
T-35.90
POutros
LE1. Extraordinarias (Ongoing):Presentes
^
D27/11'2009
MC&A 275 01/03
T-65.10
POutros
LC1. Lazer-Estetica-Vestuario-Celular:Vestuario Eduardo-Carla
^
D28/11'2009
MAPPLEBEES MORUMBI
T-124.00
PRestaurantes
LC1. Lazer-Estetica-Vestuario-Celular:Restaurantes
^
D30/11'2009
MCRAWFORD IGUATEM 05/05
T-176.91
POutros
LC1. Lazer-Estetica-Vestuario-Celular:Vestuario Eduardo-Carla
^
D01/12'2009
MEXTRA JAGUARE 1357
T-134.50
PExtra
LB1. Alimentacao-Drogaria-Vet:Mercado-Padaria-Vinhos
^
D02/12'2009
MDROGASIL LJ 154 PDV
T-30.45
PDrogaria
LB1. Alimentacao-Drogaria-Vet:Drogaria
^
D02/12'2009
MSHIOZAWA SHIATSU
T-70.00
POutros
LC1. Lazer-Estetica-Vestuario-Celular:Estetica-Massagem
^
D02/12'2009
MWAL MART LJ 2801 PDV
T-99.62
PSupermercado
LB1. Alimentacao-Drogaria-Vet:Mercado-Padaria-Vinhos
^
D03/12'2009
MDROGA RAIA LJ 24 03/03
T-37.13
PDrogaria
LB1. Alimentacao-Drogaria-Vet:Drogaria
^
D05/12'2009
MCENTRO COM SER VENEZ
T-128.02
PCombustível
LF. Automoveis:Combustivel-Lavagem-Oleo
^
D05/12'2009
MCAMICADO E-COMMER 02/02
T-77.00
POutros
LE1. Extraordinarias (Ongoing):Presentes
^
D07/12'2009
MDROGASIL LJ 170 03/03
T-32.15
PDrogaria
LB1. Alimentacao-Drogaria-Vet:Drogaria
^
D09/12'2009
MAUTO POSTO MD 11
T-30.00
PCombustível
LF. Automoveis:Combustivel-Lavagem-Oleo
^
D10/12'2009
MART KILO
T-18.60
PRestaurantes
LC1. Lazer-Estetica-Vestuario-Celular:Restaurantes
^
D10/12'2009
MBOVINU S FAST GRILL
T-17.85
PRestaurantes
LC1. Lazer-Estetica-Vestuario-Celular:Restaurantes
^
D10/12'2009
MCACAU SHOW
T-34.90
PRestaurantes
LC1. Lazer-Estetica-Vestuario-Celular:Restaurantes
^
D11/12'2009
MBMART MORUMBI
T-29.90
POutros
LE1. Extraordinarias (Ongoing):Presentes
^
D11/12'2009
MA POSTO N BROOKLIN LTD
T-30.00
PCombustível
LF. Automoveis:Combustivel-Lavagem-Oleo
^
D11/12'2009
MSUSHI KIM
T-128.04
PRestaurantes
LC1. Lazer-Estetica-Vestuario-Celular:Restaurantes
^
D11/12'2009
MTNG - 004 01/02
T-134.85
POutros
LE1. Extraordinarias (Ongoing):Presentes
^
D11/12'2009
MGRAO EXPRESSO
T-23.40
PRestaurantes
LC1. Lazer-Estetica-Vestuario-Celular:Restaurantes
^
D11/12'2009
MPBKIDS BRINQUEDOS
T-99.99
POutros
LE1. Extraordinarias (Ongoing):Presentes
^
D12/12'2009
MVILA PIZZE E PANINI
T-39.00
PRestaurantes
LC1. Lazer-Estetica-Vestuario-Celular:Restaurantes
^
D12/12'2009
MASTURIAS AUTO POSTO
T-55.94
PCombustível
LF. Automoveis:Combustivel-Lavagem-Oleo
^
D14/12'2009
MCARTAO PERSONNALITE
T5,038.81
PMastercard Personnalite
L[Itau Personnalité]
^
D14/12'2009
MPARRILLA ARGENTINA
T-67.31
PRestaurantes
LC1. Lazer-Estetica-Vestuario-Celular:Restaurantes
^
D14/12'2009
MCENTRO COM SER VENEZ
T-87.04
PCombustível
LF. Automoveis:Combustivel-Lavagem-Oleo
^
D14/12'2009
MPOLYTEC 02/02
T-50.00
POutros
LE1. Extraordinarias (Ongoing):Residencia Moveis-Eletro-Servicos
^
D14/12'2009
MGAMESAVER SUBSCRIPTION
T-12.09
POutros
LE1. Extraordinarias (Ongoing):Residencia Moveis-Eletro-Servicos
^
D15/12'2009
MART KILO
T-17.69
PRestaurantes
LC1. Lazer-Estetica-Vestuario-Celular:Restaurantes
^
D15/12'2009
MSHIOZAWA SHIATSU
T-70.00
POutros
LC1. Lazer-Estetica-Vestuario-Celular:Estetica-Massagem
^
D15/12'2009
MWAL MART LJ 2801 PDV
T-427.25
PSupermercado
LB1. Alimentacao-Drogaria-Vet:Mercado-Padaria-Vinhos
^
D16/12'2009
MFRUTARIA COLLINAS
T-17.41
PSupermercado
LB1. Alimentacao-Drogaria-Vet:Mercado-Padaria-Vinhos
^
D16/12'2009
MVIENA VCNA
T-13.60
PRestaurantes
LC1. Lazer-Estetica-Vestuario-Celular:Restaurantes
^
D17/12'2009
MTAM CALL CENTER 04/06
T-87.33
PCleora
LA4. Funcionários:Diarista - Diarias
^
D18/12'2009
MC A OLIMPIA BANDEIRANT
T-61.00
PCombustível
LF. Automoveis:Combustivel-Lavagem-Oleo
^
D18/12'2009
MSALLVATTORE
T-168.00
PRestaurantes
LC1. Lazer-Estetica-Vestuario-Celular:Restaurantes
^
D19/12'2009
MAHOLIC
T-69.80
POutros
LC1. Lazer-Estetica-Vestuario-Celular:Vestuario Marina-Felipe
^
D19/12'2009
MRESTAURANTE HIRO
T-135.41
PRestaurantes
LC1. Lazer-Estetica-Vestuario-Celular:Restaurantes
^
D19/12'2009
MMAGAZINE KLEBER 02/02
T-41.96
POutros
LC1. Lazer-Estetica-Vestuario-Celular:Vestuario Eduardo-Carla
^
D19/12'2009
MAHOLIC 01/03
T-124.86
POutros
LC1. Lazer-Estetica-Vestuario-Celular:Vestuario Marina-Felipe
^
D20/12'2009
MSANTO DESCANSO
T-184.47
PRestaurantes
LC1. Lazer-Estetica-Vestuario-Celular:Restaurantes
^
D20/12'2009
MPIRLIMPIMPIM 02/02
T-109.50
POutros
LC1. Lazer-Estetica-Vestuario-Celular:Vestuario Eduardo-Carla
^
D21/12'2009
MVIA LINS 01/03
T-109.99
POutros
LE1. Extraordinarias (Ongoing):Presentes
^
D22/12'2009
MALMANARA SH VILLA LOBO
T-49.70
PRestaurantes
LC1. Lazer-Estetica-Vestuario-Celular:Restaurantes
^
D22/12'2009
MFASCAR VILLA LOBO 01/02
T-124.50
POutros
LE1. Extraordinarias (Ongoing):Presentes
^
D22/12'2009
MLIVR CULTURA
T-74.00
POutros
LE1. Extraordinarias (Ongoing):Residencia Moveis-Eletro-Servicos
^
D23/12'2009
MPROCOPIO SPORTS
T-69.99
POutros
LE1. Extraordinarias (Ongoing):Presentes
^
D23/12'2009
MAPPLEBEE S
T-151.60
PRestaurantes
LC1. Lazer-Estetica-Vestuario-Celular:Restaurantes
^
D23/12'2009
MMOB 01/04
T-132.25
POutros
LE1. Extraordinarias (Ongoing):Presentes
^
D23/12'2009
MJOCKEY CAR POSTO
T-50.00
PCombustível
LF. Automoveis:Combustivel-Lavagem-Oleo
^
D23/12'2009
MCENTOPEIA IBIRAPUERA
T-69.90
POutros
LC1. Lazer-Estetica-Vestuario-Celular:Vestuario Eduardo-Carla
^
D23/12'2009
MPAINEL MUSICAL IB 01/02
T-69.90
POutros
LE1. Extraordinarias (Ongoing):Presentes
^
D23/12'2009
MTAM LOJAS 04/05
T-115.58
POutros
LE1. Extraordinarias (Ongoing):Presentes
^
D24/12'2009
MLIVR CULTURA 02/02
T-69.90
POutros
LE1. Extraordinarias (Ongoing):Residencia Moveis-Eletro-Servicos
^
D25/12'2009
MCENTRO COM SER VENEZ
T-117.03
PCombustível
LF. Automoveis:Combustivel-Lavagem-Oleo
^
D26/12'2009
MPAO DO PARQUE
T-21.30
PPao do Parque
LB1. Alimentacao-Drogaria-Vet:Mercado-Padaria-Vinhos
^
D26/12'2009
MSANTO DESCANSO
T-78.00
PRestaurantes
LC1. Lazer-Estetica-Vestuario-Celular:Restaurantes
^
D26/12'2009
MZEKA CABELEREIRO
T-376.00
PZeka Cabelereiro
LC1. Lazer-Estetica-Vestuario-Celular:Estetica-Massagem
^
D27/12'2009
MLEROY MERLIN RAPOSO
T-40.55
PLeroy Merlin
LE1. Extraordinarias (Ongoing):Residencia Moveis-Eletro-Servicos
^
D27/12'2009
MC&A 275 02/03
T-65.10
POutros
LC1. Lazer-Estetica-Vestuario-Celular:Vestuario Eduardo-Carla
^
D28/12'2009
MAUTO POSTO MARAPE
T-30.00
PCombustível
LF. Automoveis:Combustivel-Lavagem-Oleo
^
D28/12'2009
MCRISTINA COMIN
T-163.80
POutros
LE1. Extraordinarias (Ongoing):Presentes
^
D30/12'2009
MSUPERMERCAD ALVORADA
T-84.77
PSupermercado
LB1. Alimentacao-Drogaria-Vet:Mercado-Padaria-Vinhos
^
D01/01'2010
MINGRESSO.COM
T-17.80
PIngresso
LC1. Lazer-Estetica-Vestuario-Celular:Cinema-Locadora-Esportes-Diversao
^
D01/01'2010
MINGRESSO.COM
T-17.80
PIngresso
LC1. Lazer-Estetica-Vestuario-Celular:Cinema-Locadora-Esportes-Diversao
^
D02/01'2010
MDEBITO DIF COT DOLAR
T-20.38
POutros
LI. Taxas Bancarias:Encargos-Juros
^
D02/01'2010
MIMPOSTO COMPRA INT-IOF
T-0.27
PGoverno
LH. Impostos Federais:CPMF-IOF
^
D02/01'2010
MN SRA LOURDES FARMACIA
T-72.00
PDrogaria
LB1. Alimentacao-Drogaria-Vet:Drogaria
^
D02/01'2010
MM G DE S PICHININ
T-160.33
PCombustível
LF. Automoveis:Combustivel-Lavagem-Oleo
^
D02/01'2010
MALVORADA SUPERMERCADO
T-26.65
PSupermercado
LB1. Alimentacao-Drogaria-Vet:Mercado-Padaria-Vinhos
^
D03/01'2010
MVILA PIZZE E PANINI
T-36.00
PRestaurantes
LC1. Lazer-Estetica-Vestuario-Celular:Restaurantes
^
D04/01'2010
MWAL MART LJ 2801 PDV
T-542.60
PSupermercado
LB1. Alimentacao-Drogaria-Vet:Mercado-Padaria-Vinhos
^
D04/01'2010
MDROGARIA LJ 45 PDV
T-82.94
PDrogaria
LB1. Alimentacao-Drogaria-Vet:Drogaria
^
D06/01'2010
MACOUGUE E DERIVADOS
T-46.75
PAçougue
LB1. Alimentacao-Drogaria-Vet:Mercado-Padaria-Vinhos
^
D07/01'2010
MIVANA GARDEN
T-34.00
PCombustível
LF. Automoveis:Combustivel-Lavagem-Oleo
^
D08/01'2010
MSPAGHETTI NOTE
T-58.82
PRestaurantes
LC1. Lazer-Estetica-Vestuario-Celular:Restaurantes
^
D08/01'2010
MEXTRA JAGUARE 1357
T-64.86
PExtra
LB1. Alimentacao-Drogaria-Vet:Mercado-Padaria-Vinhos
^
D09/01'2010
MSANTO DESCANSO
T-89.90
PRestaurantes
LC1. Lazer-Estetica-Vestuario-Celular:Restaurantes
^
D11/01'2010
MTNG - 004 02/02
T-134.85
POutros
LE1. Extraordinarias (Ongoing):Presentes
^
D11/01'2010
MDOCE DORMIR 01/02
T-86.00
POutros
LE1. Extraordinarias (Ongoing):Presentes
^
D12/01'2010
MCARTAO PERSONNALITE
T5,116.18
PMastercard Personnalite
L[Itau Personnalité]
^
D13/01'2010
MCAPIM SANTO
T-50.00
PRestaurantes
LC1. Lazer-Estetica-Vestuario-Celular:Restaurantes
^
D14/01'2010
MCENTRO COM SER VENEZ
T-125.02
PCombustível
LF. Automoveis:Combustivel-Lavagem-Oleo
^
D14/01'2010
MDROGASIL LJ 170 01/02
T-75.82
PDrogaria
LB1. Alimentacao-Drogaria-Vet:Drogaria
^
D14/01'2010
MGAMESAVER SUBSCRIPTION
T-12.86
POutros
LE1. Extraordinarias (Ongoing):Residencia Moveis-Eletro-Servicos
^
D15/01'2010
MAUTO POSTO META
T-50.00
PCombustível
LF. Automoveis:Combustivel-Lavagem-Oleo
^
D17/01'2010
MEXTRA JAGUARE 1357
T-98.30
PExtra
LB1. Alimentacao-Drogaria-Vet:Mercado-Padaria-Vinhos
^
D17/01'2010
MTAM CALL CENTER 05/06
T-87.33
PCleora
LA4. Funcionários:Diarista - Diarias
^
D18/01'2010
MRI HAPPY BRINQUEDOS
T-89.99
PRi Happy
LE1. Extraordinarias (Ongoing):Presentes
^
D18/01'2010
MCORELLO
T-169.00
PCORELLO
LC1. Lazer-Estetica-Vestuario-Celular:Vestuario Eduardo-Carla
^
D19/01'2010
MAHOLIC 02/03
T-124.86
POutros
LC1. Lazer-Estetica-Vestuario-Celular:Vestuario Marina-Felipe
^
D21/01'2010
MGRUPO AMERICANAS. 01/02
T-79.95
POutros
LE1. Extraordinarias (Ongoing):Presentes
^
D21/01'2010
MVIA LINS 02/03
T-109.99
POutros
LE1. Extraordinarias (Ongoing):Presentes
^
D22/01'2010
MFASCAR VILLA LOBO 02/02
T-124.50
POutros
LE1. Extraordinarias (Ongoing):Presentes
^
D22/01'2010
MGAMESAVER SUBSCRIPTION
T-115.72
POutros
LE1. Extraordinarias (Ongoing):Residencia Moveis-Eletro-Servicos
^
D22/01'2010
MGAMESAVER SUBSCRIPTION
T-115.72
POutros
LE1. Extraordinarias (Ongoing):Residencia Moveis-Eletro-Servicos
^
D23/01'2010
MAUTO POSTO MARAPE
T-113.01
PCombustível
LF. Automoveis:Combustivel-Lavagem-Oleo
^
D23/01'2010
MZEKA CABELEREIRO
T-128.00
PZeka Cabelereiro
LC1. Lazer-Estetica-Vestuario-Celular:Estetica-Massagem
^
D23/01'2010
MMOB 02/04
T-132.25
POutros
LE1. Extraordinarias (Ongoing):Presentes
^
D23/01'2010
MPAINEL MUSICAL IB 02/02
T-69.90
POutros
LE1. Extraordinarias (Ongoing):Presentes
^
D23/01'2010
MTAM LOJAS 05/05
T-115.58
POutros
LE1. Extraordinarias (Ongoing):Presentes
^
D24/01'2010
MDROGASIL LJ 170
T-63.86
PDrogaria
LB1. Alimentacao-Drogaria-Vet:Drogaria
^
D24/01'2010
MCENTRO COM SER VENEZ
T-129.81
PCombustível
LF. Automoveis:Combustivel-Lavagem-Oleo
^
D26/01'2010
MEXTRA JAGUARE 1357
T-436.44
PExtra
LB1. Alimentacao-Drogaria-Vet:Mercado-Padaria-Vinhos
^
D27/01'2010
MC&A 275 03/03
T-65.10
POutros
LC1. Lazer-Estetica-Vestuario-Celular:Vestuario Eduardo-Carla
^
D30/01'2010
MCENTRO COM SER VENEZ
T-94.42
PCombustível
LF. Automoveis:Combustivel-Lavagem-Oleo
^
D30/01'2010
MZENI SUSHI
T-159.00
PRestaurantes
LC1. Lazer-Estetica-Vestuario-Celular:Restaurantes
^
D31/01'2010
MSANTO DESCANSO
T-63.60
PRestaurantes
LC1. Lazer-Estetica-Vestuario-Celular:Restaurantes
^
D31/01'2010
MDROGASIL LJ 170 01/03
T-73.63
PDrogaria
LB1. Alimentacao-Drogaria-Vet:Drogaria
^
D01/02'2010
MAMAZON MKTPLACE PMTS - FONE DE OUVIDO
T-66.19
PAmazon
LD. Viagens:Compras
^
D02/02'2010
MIMPOSTO COMPRA INT-IOF
T-5.80
PGoverno
LH. Impostos Federais:CPMF-IOF
^
D02/02'2010
MDEBITO DIF COT DOLAR
T-0.07
POutros
LI. Taxas Bancarias:Encargos-Juros
^
D02/02'2010
MDA FRANCO RISTORANTE
T-24.20
PRestaurantes
LC1. Lazer-Estetica-Vestuario-Celular:Restaurantes
^
D02/02'2010
MIMPOSTO COMPRA INT-IOF
T-43.75
PGoverno
LH. Impostos Federais:CPMF-IOF
^
D04/02'2010
MDOCE DORMIR
T-71.00
POutros
LC1. Lazer-Estetica-Vestuario-Celular:Vestuario Marina-Felipe
^
D05/02'2010
MDROGARIA SP FMX266
T-57.05
PDrogaria
LB1. Alimentacao-Drogaria-Vet:Drogaria
^
D05/02'2010
MAMERICA VILLA LOBOS
T-87.50
PRestaurantes
LC1. Lazer-Estetica-Vestuario-Celular:Restaurantes
^
D05/02'2010
MPAO DE ACUCAR LJ 1248
T-27.88
PPao de Açucar
LB1. Alimentacao-Drogaria-Vet:Mercado-Padaria-Vinhos
^
D06/02'2010
MSANTO DESCANSO
T-70.60
PRestaurantes
LC1. Lazer-Estetica-Vestuario-Celular:Restaurantes
^
D07/02'2010
MC C - OSASCO
T-114.50
PC&C
LE1. Extraordinarias (Ongoing):Residencia Moveis-Eletro-Servicos
^
D09/02'2010
MCENTRO COM SER VENEZ
T-131.01
PCombustível
LF. Automoveis:Combustivel-Lavagem-Oleo
^
D10/02'2010
MPAYPAL *DATABIZ LTD
T-13.69
POutros
LE1. Extraordinarias (Ongoing):Residencia Moveis-Eletro-Servicos
^
D11/02'2010
MWAL MART LOJA 1025
T-497.61
PSupermercado
LB1. Alimentacao-Drogaria-Vet:Mercado-Padaria-Vinhos
^
D11/02'2010
MDOCE DORMIR 02/02
T-86.00
POutros
LC1. Lazer-Estetica-Vestuario-Celular:Vestuario Marina-Felipe
^
D12/02'2010
MCARTAO PERSONNALITE
T4,441.60
PMastercard Personnalite
L[Itau Personnalité]
^
D12/02'2010
MSPEEDO
T-47.80
POutros
LC1. Lazer-Estetica-Vestuario-Celular:Vestuario Marina-Felipe
^
D12/02'2010
MALMANARA SH VILLA LOBO
T-84.95
PRestaurantes
LC1. Lazer-Estetica-Vestuario-Celular:Restaurantes
^
D12/02'2010
MMAGIC FEET
T-89.99
POutros
LC1. Lazer-Estetica-Vestuario-Celular:Vestuario Marina-Felipe
^
D12/02'2010
MMOB 01/02
T-64.50
POutros
LE1. Extraordinarias (Ongoing):Presentes
^
D12/02'2010
MVILA ROMANA SUL N 01/04
T-304.92
PVila Romana
LC1. Lazer-Estetica-Vestuario-Celular:Vestuario Eduardo-Carla
^
D13/02'2010
M5 A SEC COLINA SAO FCO
T-59.00
PIG Lavanderia
LE1. Extraordinarias (Ongoing):Residencia Moveis-Eletro-Servicos
^
D13/02'2010
MZEKA CABELEREIRO
T-115.00
PZeka Cabelereiro
LC1. Lazer-Estetica-Vestuario-Celular:Estetica-Massagem
^
D14/02'2010
MDROGASIL LJ 170 02/02
T-75.83
PDrogaria
LB1. Alimentacao-Drogaria-Vet:Drogaria
^
D15/02'2010
MDROGASIL LJ 170 01/02
T-50.92
PDrogaria
LB1. Alimentacao-Drogaria-Vet:Drogaria
^
D17/02'2010
MSANTO DESCANSO
T-89.17
PRestaurantes
LC1. Lazer-Estetica-Vestuario-Celular:Restaurantes
^
D17/02'2010
MTAM CALL CENTER 06/06
T-87.33
PCleora
LA4. Funcionários:Diarista - Diarias
^
D18/02'2010
MEXTRA JAGUARE 1357
T-112.15
PExtra
LB1. Alimentacao-Drogaria-Vet:Mercado-Padaria-Vinhos
^
D19/02'2010
MAHOLIC 03/03
T-124.88
POutros
LC1. Lazer-Estetica-Vestuario-Celular:Vestuario Marina-Felipe
^
D20/02'2010
MCENTRO COM SER VENEZ
T-100.54
PCombustível
LF. Automoveis:Combustivel-Lavagem-Oleo
^
D21/02'2010
MSANTO DESCANSO
T-92.50
PRestaurantes
LC1. Lazer-Estetica-Vestuario-Celular:Restaurantes
^
D21/02'2010
MGRUPO AMERICANAS. 02/02
T-79.95
POutros
LE1. Extraordinarias (Ongoing):Presentes
^
D21/02'2010
MVIA LINS 03/03
T-110.00
POutros
LE1. Extraordinarias (Ongoing):Presentes
^
D22/02'2010
MGAMESAVER SUBSCRIPTION
T111.96
POutros
LC. Reembolsos:Reembolso
^
D23/02'2010
MMOB 03/04
T-132.25
POutros
LE1. Extraordinarias (Ongoing):Presentes
^
D23/02'2010
MCENTRO MEDICO V MELHOR
T-300.00
NX
PCentro Médico Viver Melhor
LG. Reembolsaveis:Medicos-Clinicas-Exames
^
D24/02'2010
MHIRO REST ELDORADO
T-38.72
PRestaurantes
LC1. Lazer-Estetica-Vestuario-Celular:Restaurantes
^
D24/02'2010
MDROGASIL LJ 183
T-47.66
PDrogaria
LB1. Alimentacao-Drogaria-Vet:Drogaria
^
D26/02'2010
MCENTER CAR AUTO POSTO
T-130.00
PCombustível
LF. Automoveis:Combustivel-Lavagem-Oleo
^
D26/02'2010
MANDIAMO IBIRAPUERA
T-41.47
PRestaurantes
LC1. Lazer-Estetica-Vestuario-Celular:Restaurantes
^
D26/02'2010
MF O M
T-79.00
POutros
LE1. Extraordinarias (Ongoing):Presentes
^
D26/02'2010
MAMAZON MKTPLACE PMTS - MARINA
T-39.95
PAmazon
LD. Viagens:Compras
^
D26/02'2010
MAMAZON MKTPLACE PMTS
T-5.69
PAmazon
LE2. Extraordinarias (One Time):Investimentos na Empresa
^
D26/02'2010
MAmazon.com
T-252.69
PAmazon
LE1. Extraordinarias (Ongoing):Presentes
SE1. Extraordinarias (Ongoing):Presentes
EAmazon.com
$-172.69
SE2. Extraordinarias (One Time):Investimentos na Empresa
$-80.00
^
D26/02'2010
MAmazon.com - FERNANDA
T-56.67
PAmazon
LD. Viagens:Compras
^
D26/02'2010
MAmazon.com - Monitor
T-223.73
PAmazon
LE2. Extraordinarias (One Time):Investimentos na Empresa
^
D27/02'2010
MDROGASIL SA LJ 058
T-63.41
PDrogaria
LB1. Alimentacao-Drogaria-Vet:Drogaria
^
D27/02'2010
MGAP ONLINE
T-114.33
POutros
LC1. Lazer-Estetica-Vestuario-Celular:Vestuario Marina-Felipe
^
D27/02'2010
MGAP ONLINE
T-1,120.59
POutros
LC1. Lazer-Estetica-Vestuario-Celular:Vestuario Marina-Felipe
^
D28/02'2010
MGAP ONLINE
T-57.12
POutros
LC1. Lazer-Estetica-Vestuario-Celular:Vestuario Marina-Felipe
^
D02/03'2010
MDEBITO DIF COT DOLAR
T-2.72
POutros
LI. Taxas Bancarias:Encargos-Juros
^
D02/03'2010
MGALETOS VL OLIMPIA
T-70.95
PRestaurantes
LC1. Lazer-Estetica-Vestuario-Celular:Restaurantes
^
D03/03'2010
MVIENA EX VILA OLIMP
T-16.90
PRestaurantes
LC1. Lazer-Estetica-Vestuario-Celular:Restaurantes
^
D03/03'2010
MSANTO DESCANSO
T-32.00
PRestaurantes
LC1. Lazer-Estetica-Vestuario-Celular:Restaurantes
^
D04/03'2010
MDROGASIL LJ 170
T-72.82
PDrogaria
LB1. Alimentacao-Drogaria-Vet:Drogaria
^
D05/03'2010
MALMANARA SH VILLA LOBO
T-42.00
PRestaurantes
LC1. Lazer-Estetica-Vestuario-Celular:Restaurantes
^
D06/03'2010
MO BOTICARIO
T-45.30
POutros
LE1. Extraordinarias (Ongoing):Presentes
^
D06/03'2010
MRI HAPPY BRINQUED 01/03
T-66.65
PRi Happy
LE1. Extraordinarias (Ongoing):Presentes
^
D07/03'2010
MCHINA LAKE RESTAURANTE
T-91.00
PRestaurantes
LC1. Lazer-Estetica-Vestuario-Celular:Restaurantes
^
D07/03'2010
MCENTRO COM SER VENEZ
T-119.23
PCombustível
LF. Automoveis:Combustivel-Lavagem-Oleo
^
D07/03'2010
MEXTRA JAGUARE 1357
T-125.66
PExtra
LB1. Alimentacao-Drogaria-Vet:Mercado-Padaria-Vinhos
^
D08/03'2010
MEXTRA ANHANGUERA 1307
T-280.94
PExtra
LB1. Alimentacao-Drogaria-Vet:Mercado-Padaria-Vinhos
^
D12/03'2010
MCARTAO PERSONNALITE
T5,648.08
PMastercard Personnalite
L[Itau Personnalité]
^
D12/03'2010
MMOB 02/02
T-64.50
POutros
LC1. Lazer-Estetica-Vestuario-Celular:Vestuario Eduardo-Carla
^
D12/03'2010
MVILA ROMANA SUL N 02/04
T-304.92
PVila Romana
LC1. Lazer-Estetica-Vestuario-Celular:Vestuario Eduardo-Carla
^
D13/03'2010
MAUTO POSTO HUNGRIA
T-50.00
PCombustível
LF. Automoveis:Combustivel-Lavagem-Oleo
^
D13/03'2010
MTELHANORTE OSASCO
T-70.73
PTelhanorte
LE1. Extraordinarias (Ongoing):Residencia Moveis-Eletro-Servicos
^
D13/03'2010
MDROGASIL SA LJ 058
T-98.24
PDrogaria
LB1. Alimentacao-Drogaria-Vet:Drogaria
^
D13/03'2010
MZEKA CABELEREIRO
T-173.00
PZeka Cabelereiro
LC1. Lazer-Estetica-Vestuario-Celular:Estetica-Massagem
^
D15/03'2010
MPOUSADA RQ RECEPCAO CE
T-143.74
POutros
LD. Viagens
^
D15/03'2010
MDROGASIL LJ 170 02/02
T-50.92
PDrogaria
LB1. Alimentacao-Drogaria-Vet:Drogaria
^
D21/03'2010
MPAYPAL *DIGITALRIVE WW - SW RECUPERACAO SD CARD
T-54.39
POutros
LE1. Extraordinarias (Ongoing):Residencia Moveis-Eletro-Servicos
^
D21/03'2010
MPOUSADA RQ RECEPC 01/03
T-217.33
POutros
LD. Viagens
^
D22/03'2010
MSHIOZAWA SHIATSU
T-70.00
POutros
LC1. Lazer-Estetica-Vestuario-Celular:Estetica-Massagem
^
D23/03'2010
MGE20 01/02
T-54.99
POutros
LC1. Lazer-Estetica-Vestuario-Celular:Vestuario Marina-Felipe
^
D23/03'2010
MMOB 04/04
T-132.25
POutros
LE1. Extraordinarias (Ongoing):Presentes
^
D27/03'2010
MREI DO OLEO 01/02
T-93.20
POutros
LF. Automoveis:Manutencao-Revisao Auto
^
D28/03'2010
MCENTRO COM SER VENEZ
T-128.01
PCombustível
LF. Automoveis:Combustivel-Lavagem-Oleo
^
D29/03'2010
MWAL MART LOJA 1025
T-451.56
PSupermercado
LB1. Alimentacao-Drogaria-Vet:Mercado-Padaria-Vinhos
^
D29/03'2010
MBOVINU S FAST GRILL
T-23.87
PRestaurantes
LC1. Lazer-Estetica-Vestuario-Celular:Restaurantes
^
D31/03'2010
MDROGA RAIA 223
T-45.57
PDrogaria
LB1. Alimentacao-Drogaria-Vet:Drogaria
^
D31/03'2010
MCACAU SHOW
T-71.70
POutros
LE1. Extraordinarias (Ongoing):Presentes
^
D31/03'2010
MDROGASIL LJ 170 02/03
T-73.63
PDrogaria
LB1. Alimentacao-Drogaria-Vet:Drogaria
^
D31/03'2010
MIMAGENS I LETRAS
T-18.00
POutros
LC1. Lazer-Estetica-Vestuario-Celular:Cinema-Locadora-Esportes-Diversao
^
D31/03'2010
MDROGA RAIA F 106
T-95.15
PDrogaria
LB1. Alimentacao-Drogaria-Vet:Drogaria
^
D31/03'2010
MAPPLEBEE S
T-141.16
PRestaurantes
LC1. Lazer-Estetica-Vestuario-Celular:Restaurantes
^
D31/03'2010
MEST DIF COT DOLAR
T21.03
PMastercard Personnalite
LC. Reembolsos:Reembolso
^
D31/03'2010
MIMPOSTO COMPRA INT-IOF
T-1.29
PGoverno
LH. Impostos Federais:CPMF-IOF
^
D05/04'2010
MPOSTO NATURAFLEX
T-137.44
PCombustível
LF. Automoveis:Combustivel-Lavagem-Oleo
^
D05/04'2010
MRASCAL SH IGUATEMI
T-64.90
PRestaurantes
LC1. Lazer-Estetica-Vestuario-Celular:Restaurantes
^
D06/04'2010
MRI HAPPY BRINQUED 02/03
T-66.65
PRi Happy
LE1. Extraordinarias (Ongoing):Presentes
^
D07/04'2010
MLUX SERVICE 01/02 - MANUT LAVADORA
T-155.00
POutros
LE1. Extraordinarias (Ongoing):Residencia Moveis-Eletro-Servicos
^
D08/04'2010
MCENTER CAR AUTO POSTO
T-120.01
PCombustível
LF. Automoveis:Combustivel-Lavagem-Oleo
^
D08/04'2010
MCANTINA DO PIERO
T-42.57
PRestaurantes
LC1. Lazer-Estetica-Vestuario-Celular:Restaurantes
^
D10/04'2010
MDROGARIA BIFARMA 1
T-27.38
PDrogaria
LB1. Alimentacao-Drogaria-Vet:Drogaria
^
D11/04'2010
MAPPLEBEE S
T-140.66
PRestaurantes
LC1. Lazer-Estetica-Vestuario-Celular:Restaurantes
^
D12/04'2010
MCARTAO PERSONNALITE
T3,570.57
PMastercard Personnalite
L[Itau Personnalité]
^
D12/04'2010
MGRILL HALL PAULISTA
T-20.85
PRestaurantes
LC1. Lazer-Estetica-Vestuario-Celular:Restaurantes
^
D12/04'2010
MDROGA RAIA 223
T-72.93
PDrogaria
LB1. Alimentacao-Drogaria-Vet:Drogaria
^
D12/04'2010
MVILA ROMANA SUL N 03/04
T-304.92
PVila Romana
LC1. Lazer-Estetica-Vestuario-Celular:Vestuario Eduardo-Carla
^
D13/04'2010
MZEKA CABELEREIRO
T-40.00
PZeka Cabelereiro
LC1. Lazer-Estetica-Vestuario-Celular:Estetica-Massagem
^
D14/04'2010
M5 A SEC COLINA SAO FCO
T-120.00
PIG Lavanderia
LE1. Extraordinarias (Ongoing):Residencia Moveis-Eletro-Servicos
^
D15/04'2010
MCARMELA BIJOUX
T-27.00
POutros
LC1. Lazer-Estetica-Vestuario-Celular:Vestuario Eduardo-Carla
^
D15/04'2010
MDOCE DORMIR
T-88.00
POutros
LC1. Lazer-Estetica-Vestuario-Celular:Vestuario Marina-Felipe
^
D15/04'2010
MVIA CORES
T-99.20
POutros
LC1. Lazer-Estetica-Vestuario-Celular:Vestuario Marina-Felipe
^
D16/04'2010
MOWAN VILLA LOBOS
T-90.42
PRestaurantes
LC1. Lazer-Estetica-Vestuario-Celular:Restaurantes
^
D16/04'2010
MDA FRANCO RISTORANTE
T-24.20
PRestaurantes
LC1. Lazer-Estetica-Vestuario-Celular:Restaurantes
^
D17/04'2010
MZEKA CABELEREIRO
T-93.00
PZeka Cabelereiro
LC1. Lazer-Estetica-Vestuario-Celular:Estetica-Massagem
^
D18/04'2010
MPAO DE ACUCAR LJ 2352
T-181.33
PPao de Açucar
LB1. Alimentacao-Drogaria-Vet:Mercado-Padaria-Vinhos
^
D19/04'2010
MGALETOS VILA OLIMPIA
T-47.73
PRestaurantes
LC1. Lazer-Estetica-Vestuario-Celular:Restaurantes
^
D19/04'2010
MAUTO POSTO MD 11
T-50.00
PCombustível
LF. Automoveis:Combustivel-Lavagem-Oleo
^
D19/04'2010
MWAL MART LOJA 1025
T-311.37
PSupermercado
LB1. Alimentacao-Drogaria-Vet:Mercado-Padaria-Vinhos
^
D19/04'2010
MDROGARIA RAIA E CIA LT
T-17.13
PDrogaria
LB1. Alimentacao-Drogaria-Vet:Drogaria
^
D20/04'2010
MDROGA RAIA F 106
T-79.55
PDrogaria
LB1. Alimentacao-Drogaria-Vet:Drogaria
^
D21/04'2010
MPOUSADA RQ RECEPC 02/03
T-217.33
POutros
LD. Viagens
^
D22/04'2010
MKALILI
T-21.62
PRestaurantes
LC1. Lazer-Estetica-Vestuario-Celular:Restaurantes
^
D23/04'2010
MRESTAURANTE HIRO
T-156.75
PRestaurantes
LC1. Lazer-Estetica-Vestuario-Celular:Restaurantes
^
D23/04'2010
MGE20 02/02
T-54.99
POutros
LC1. Lazer-Estetica-Vestuario-Celular:Vestuario Eduardo-Carla
^
D23/04'2010
MGALETO S AL SANTOS 10
T-43.17
PRestaurantes
LC1. Lazer-Estetica-Vestuario-Celular:Restaurantes
^
D23/04'2010
MPAYPAL *UFLYMIKE
T-452.84
PGustavo Marques
LG. Reembolsaveis:Emprestimos
^
D24/04'2010
MDROGASIL LJ 183
T-52.57
PDrogaria
LB1. Alimentacao-Drogaria-Vet:Drogaria
^
D24/04'2010
MPLAYLAND ELDORADO
T-61.00
POutros
LC1. Lazer-Estetica-Vestuario-Celular:Cinema-Locadora-Esportes-Diversao
^
D24/04'2010
MAPPLEBEE S ELDORADO
T-116.10
PRestaurantes
LC1. Lazer-Estetica-Vestuario-Celular:Restaurantes
^
D24/04'2010
MCENTRO COM SER VENEZ
T-128.02
PCombustível
LF. Automoveis:Combustivel-Lavagem-Oleo
^
D25/04'2010
MRESTAURANTE LUAR
T-67.80
PRestaurantes
LC1. Lazer-Estetica-Vestuario-Celular:Restaurantes
^
D26/04'2010
MTHE FIFTIES FUNCHAL
T-26.16
PRestaurantes
LC1. Lazer-Estetica-Vestuario-Celular:Restaurantes
^
D26/04'2010
MDA FRANCO RISTORANTE
T-25.05
PRestaurantes
LC1. Lazer-Estetica-Vestuario-Celular:Restaurantes
^
D27/04'2010
MKALILI
T-22.82
PRestaurantes
LC1. Lazer-Estetica-Vestuario-Celular:Restaurantes
^
D27/04'2010
MVIENA ROCIO
T-34.43
PRestaurantes
LC1. Lazer-Estetica-Vestuario-Celular:Restaurantes
^
D27/04'2010
MDROGASIL LJ 170
T-47.93
PDrogaria
LB1. Alimentacao-Drogaria-Vet:Drogaria
^
D27/04'2010
MREI DO OLEO 02/02
T-93.20
POutros
LF. Automoveis:Combustivel-Lavagem-Oleo
^
D27/04'2010
MAMERICA PAULISTA
T-47.05
PRestaurantes
LC1. Lazer-Estetica-Vestuario-Celular:Restaurantes
^
D28/04'2010
MGRILL HALL P CARNE CHU
T-111.84
PRestaurantes
LC1. Lazer-Estetica-Vestuario-Celular:Restaurantes
^
D28/04'2010
MESTAPAR TRANSAMERICA
T-38.50
PEstapar
LE1. Extraordinarias (Ongoing):Taxi-Estacionamento
^
D29/04'2010
MESTAPAR TRANSAMERICA
T-31.50
PEstapar
LE1. Extraordinarias (Ongoing):Taxi-Estacionamento
^
D30/04'2010
MRESTAURANTE KOZAKA
T-109.45
PRestaurantes
LC1. Lazer-Estetica-Vestuario-Celular:Restaurantes
^
D30/04'2010
MFOGAO GAUCHO
T-315.70
PRestaurantes
LC1. Lazer-Estetica-Vestuario-Celular:Restaurantes
^
D30/04'2010
MDROGASIL LJ 170 03/03
T-73.65
PDrogaria
LB1. Alimentacao-Drogaria-Vet:Drogaria
^
D02/05'2010
MEST DIF COT DOLAR
T0.31
PMastercard Personnalite
LB. Outras Receitas:Ajustes
^
D02/05'2010
MIMPOSTO COMPRA INT-IOF
T-10.76
PGoverno
LH. Impostos Federais:CPMF-IOF
^
D02/05'2010
MRESTAURANTE LUAR
T-157.00
PRestaurantes
LC1. Lazer-Estetica-Vestuario-Celular:Restaurantes
^
D03/05'2010
MAUTO POSTO POLITECNICA
T-50.00
PCombustível
LF. Automoveis:Combustivel-Lavagem-Oleo
^
D04/05'2010
MDROGASIL LJ 170
T-79.81
PDrogaria
LB1. Alimentacao-Drogaria-Vet:Drogaria
^
D04/05'2010
MCENTER CAR AUTO POSTO
T-120.01
PCombustível
LF. Automoveis:Combustivel-Lavagem-Oleo
^
D06/05'2010
MBUR DOG
T-24.10
PRestaurantes
LC1. Lazer-Estetica-Vestuario-Celular:Restaurantes
^
D06/05'2010
MGOL TRAN AEREO IN 01/06 - TKT CARACAS
T-121.75
PGol Linhas Aereas
LG. Reembolsaveis:Despesas de Trabalho
^
D06/05'2010
MRI HAPPY BRINQUED 03/03
T-66.66
PRi Happy
LE1. Extraordinarias (Ongoing):Presentes
^
D07/05'2010
MAMERICA AL SANTOS
T-87.10
PRestaurantes
LC1. Lazer-Estetica-Vestuario-Celular:Restaurantes
^
D07/05'2010
MLUX SERVICE 02/02 - MANUT LAVADORA
T-155.00
POutros
LE1. Extraordinarias (Ongoing):Residencia Moveis-Eletro-Servicos
^
D08/05'2010
MGOL TRAN AEREO INTERNE - TKT CARACAS
T-69.49
PGol Linhas Aereas
LG. Reembolsaveis:Despesas de Trabalho
^
D08/05'2010
MTAM CALL CENTER 01/05 TKT GRU/CARACAS
T-130.61
PTAM Linhas Aereas
LG. Reembolsaveis:Despesas de Trabalho
^
D11/05'2010
MGAS CEASA LIQUIGAS
T-41.99
PUltragaz
LA1. Residencia Villas:Gas
^
D11/05'2010
MEXTRA R TAVARES 2412
T-397.50
PExtra
LB1. Alimentacao-Drogaria-Vet:Mercado-Padaria-Vinhos
^
D11/05'2010
MZEKA CABELEREIRO
T-40.00
PZeka Cabelereiro
LC1. Lazer-Estetica-Vestuario-Celular:Estetica-Massagem
^
D12/05'2010
MCARTAO PERSONNALITE
T4,782.16
PMastercard Personnalite
L[Itau Personnalité]
^
D12/05'2010
MVILA ROMANA SUL N 04/04
T-304.94
PVila Romana
LC1. Lazer-Estetica-Vestuario-Celular:Vestuario Eduardo-Carla
^
D13/05'2010
MCENTRO COM SER VENEZ
T-127.06
PCombustível
LF. Automoveis:Combustivel-Lavagem-Oleo
^
D14/05'2010
MCINEMARK VILLA LOBOS
T-20.00
POutros
LC1. Lazer-Estetica-Vestuario-Celular:Cinema-Locadora-Esportes-Diversao
^
D14/05'2010
MAMERICA VILLA LOBOS
T-44.00
PRestaurantes
LC1. Lazer-Estetica-Vestuario-Celular:Restaurantes
^
D14/05'2010
MALMANARA SH VILLA LOBO
T-78.55
PRestaurantes
LC1. Lazer-Estetica-Vestuario-Celular:Restaurantes
^
D14/05'2010
MRI HAPPY BRINQUEDOS
T-79.99
PRi Happy
LE1. Extraordinarias (Ongoing):Presentes
^
D18/05'2010
MDROGA RAIA 223
T-87.36
PDrogaria
LB1. Alimentacao-Drogaria-Vet:Drogaria
^
D21/05'2010
MPOUSADA RQ RECEPC 03/03
T-217.33
POutros
LD. Viagens
^
D21/05'2010
MGRILL HALL PAULISTA
T-25.08
PRestaurantes
LC1. Lazer-Estetica-Vestuario-Celular:Restaurantes
^
D21/05'2010
MDUTY FREE CARACAS
T-171.93
PDufry
LD. Viagens:Compras
^
D21/05'2010
MCROWNE PLAZA MARUMA
T-1,520.86
POutros
LG. Reembolsaveis:Despesas de Trabalho
^
D22/05'2010
MDUFRY DUTY FREE A 01/06
T-103.42
PDufry
LD. Viagens:Compras
^
D22/05'2010
MAMOR AOS PEDACOS
T-24.20
PRestaurantes
LC1. Lazer-Estetica-Vestuario-Celular:Restaurantes
^
D22/05'2010
MPUKET VILLA LOBOS
T-49.80
POutros
LC1. Lazer-Estetica-Vestuario-Celular:Vestuario Marina-Felipe
^
D22/05'2010
MCORELLO
T-130.00
PCORELLO
LC1. Lazer-Estetica-Vestuario-Celular:Vestuario Eduardo-Carla
^
D22/05'2010
MMULTICOISAS - FERRO DE PASSAR
T-169.00
POutros
LE1. Extraordinarias (Ongoing):Residencia Moveis-Eletro-Servicos
^
D22/05'2010
MDROGASIL SA LJ 058
T-38.83
PDrogaria
LB1. Alimentacao-Drogaria-Vet:Drogaria
^
D23/05'2010
MCENTRO COM SER VENEZ
T-118.00
PCombustível
LF. Automoveis:Combustivel-Lavagem-Oleo
^
D24/05'2010
MDESFRUTTI
T-26.18
PRestaurantes
LC1. Lazer-Estetica-Vestuario-Celular:Restaurantes
^
D25/05'2010
MCENTRO COM SER VENEZ
T-130.20
PCombustível
LF. Automoveis:Combustivel-Lavagem-Oleo
^
D25/05'2010
MDA FRANCO RISTORANTE
T-24.20
PRestaurantes
LC1. Lazer-Estetica-Vestuario-Celular:Restaurantes
^
D29/05'2010
MAPPLEBEE S
T-127.00
PRestaurantes
LC1. Lazer-Estetica-Vestuario-Celular:Restaurantes
^
D29/05'2010
MZEKA CABELEREIRO
T-361.00
PZeka Cabelereiro
LC1. Lazer-Estetica-Vestuario-Celular:Estetica-Massagem
^
D29/05'2010
MRICHARDS 01/03
T-146.66
POutros
LE1. Extraordinarias (Ongoing):Presentes
^
D30/05'2010
MTAXA DE EMBARQUE
T-97.01
POutros
LG. Reembolsaveis:Despesas de Trabalho
^
D30/05'2010
MRESTAURANTE LUAR
T-114.00
PRestaurantes
LC1. Lazer-Estetica-Vestuario-Celular:Restaurantes
^
D31/05'2010
MSHOP V OLIMP GRANO
T-33.80
PRestaurantes
LC1. Lazer-Estetica-Vestuario-Celular:Restaurantes
^
D31/05'2010
MWAL MART LJ 3705 PDV
T-447.25
PSupermercado
LB1. Alimentacao-Drogaria-Vet:Mercado-Padaria-Vinhos
^
D31/05'2010
MCHU NOVILHO DE PRATA
T-65.56
PRestaurantes
LC1. Lazer-Estetica-Vestuario-Celular:Restaurantes
^
D01/06'2010
MKALILI
T-44.01
PRestaurantes
LC1. Lazer-Estetica-Vestuario-Celular:Restaurantes
^
D02/06'2010
MDEBITO DIF COT DOLAR
T-13.39
POutros
LE2. Extraordinarias (One Time):Outras
^
D02/06'2010
MIMPOSTO COMPRA INT-IOF
T-40.27
PGoverno
LH. Impostos Federais:CPMF-IOF
^
D02/06'2010
MDROGAO SHOP D & D
T-104.48
PDrogaria
LB1. Alimentacao-Drogaria-Vet:Drogaria
^
D02/06'2010
MSHOP V OLIMP GRANO
T-33.90
PRestaurantes
LC1. Lazer-Estetica-Vestuario-Celular:Restaurantes
^
D04/06'2010
MDROGASIL SA LJ 05801/03
T-90.51
PDrogaria
LB1. Alimentacao-Drogaria-Vet:Drogaria
^
D04/06'2010
MEL KABONG
T-110.00
PRestaurantes
LC1. Lazer-Estetica-Vestuario-Celular:Restaurantes
^
D06/06'2010
MGOL TRAN AEREO INT02/06 - TKT CARACAS
T-121.72
PGol Linhas Aereas
LG. Reembolsaveis:Despesas de Trabalho
^
D08/06'2010
MTAM CALL CENTER 02/05 TKT GRU/CARACAS
T-130.60
PTAM Linhas Aereas
LG. Reembolsaveis:Despesas de Trabalho
^
D08/06'2010
MCENTRO COM SER VENEZ
T-129.56
PCombustível
LF. Automoveis:Combustivel-Lavagem-Oleo
^
D08/06'2010
MZEKA CABELEREIRO
T-40.00
PZeka Cabelereiro
LC1. Lazer-Estetica-Vestuario-Celular:Estetica-Massagem
^
D11/06'2010
MTHAI GARDENS
T-245.08
PRestaurantes
LC1. Lazer-Estetica-Vestuario-Celular:Restaurantes
^
D12/06'2010
MMULTICOISAS
T-62.85
POutros
LE1. Extraordinarias (Ongoing):Residencia Moveis-Eletro-Servicos
^
D12/06'2010
MCHICLETARIA VILLA 01/03
T-56.33
POutros
LC1. Lazer-Estetica-Vestuario-Celular:Vestuario Marina-Felipe
^
D13/06'2010
MRESTAURANTE LUAR
T-83.90
PRestaurantes
LC1. Lazer-Estetica-Vestuario-Celular:Restaurantes
^
D14/06'2010
MCARTAO PERSONNALITE
T6,521.90
PMastercard Personnalite
L[Itau Personnalité]
^
D14/06'2010
MPAO DO PARQUE
T-46.48
PPao do Parque
LB1. Alimentacao-Drogaria-Vet:Mercado-Padaria-Vinhos
^
D16/06'2010
MEXTRA JAGUARE 1357
T-206.63
PExtra
LB1. Alimentacao-Drogaria-Vet:Mercado-Padaria-Vinhos
^
D17/06'2010
MGOORILA 01/03 - TV
T-536.33
POutros
LA1. Residencia Villas:Moveis
^
D17/06'2010
MMCAFEE.COM
T-119.17
POutros
LG. Reembolsaveis:Despesas de Trabalho
^
D18/06'2010
MCENTER CAR AUTO POSTO
T-50.00
PCombustível
LF. Automoveis:Combustivel-Lavagem-Oleo
^
D18/06'2010
MCINEMARK VILLA LOBOS
T-27.00
POutros
LC1. Lazer-Estetica-Vestuario-Celular:Cinema-Locadora-Esportes-Diversao
^
D18/06'2010
MAMERICA VILLA LOBOS
T-73.70
PRestaurantes
LC1. Lazer-Estetica-Vestuario-Celular:Restaurantes
^
D19/06'2010
MACOUGUE E DERIVADOS
T-67.60
PSupermercado
LB1. Alimentacao-Drogaria-Vet:Mercado-Padaria-Vinhos
^
D19/06'2010
MFRUTARIA COLLINAS
T-12.15
PSupermercado
LB1. Alimentacao-Drogaria-Vet:Mercado-Padaria-Vinhos
^
D20/06'2010
MFRUTARIA COLLINAS
T-20.42
PSupermercado
LB1. Alimentacao-Drogaria-Vet:Mercado-Padaria-Vinhos
^
D20/06'2010
MMASSAS RICCI
T-17.30
PRestaurantes
LC1. Lazer-Estetica-Vestuario-Celular:Restaurantes
^
D20/06'2010
MDROGA RAIA F 106
T-60.98
PDrogaria
LB1. Alimentacao-Drogaria-Vet:Drogaria
^
D20/06'2010
MPAO DO PARQUE
T-8.33
PPao do Parque
LB1. Alimentacao-Drogaria-Vet:Mercado-Padaria-Vinhos
^
D21/06'2010
MSHOP V OLIMP GRANO
T-16.90
PRestaurantes
LC1. Lazer-Estetica-Vestuario-Celular:Restaurantes
^
D21/06'2010
MDA FRANCO RISTORANTE
T-25.30
PRestaurantes
LC1. Lazer-Estetica-Vestuario-Celular:Restaurantes
^
D22/06'2010
MDUFRY DUTY FREE AI02/06
T-103.42
PDufry
LD. Viagens:Compras
^
D22/06'2010
MFARABBUD
T-61.60
POutros
LC1. Lazer-Estetica-Vestuario-Celular:Vestuario Eduardo-Carla
^
D23/06'2010
MVIENA VCNA
T-50.18
PRestaurantes
LC1. Lazer-Estetica-Vestuario-Celular:Restaurantes
^
D24/06'2010
MDROGA RAIA F 106 01/02
T-51.59
PDrogaria
LB1. Alimentacao-Drogaria-Vet:Drogaria
^
D25/06'2010
MRESTAURANTE HIRO
T-110.99
PRestaurantes
LC1. Lazer-Estetica-Vestuario-Celular:Restaurantes
^
D26/06'2010
MCENTRO COM SER VENEZ
T-124.01
PCombustível
LF. Automoveis:Combustivel-Lavagem-Oleo
^
D26/06'2010
MVRKIDS 01/02
T-84.50
POutros
LC1. Lazer-Estetica-Vestuario-Celular:Vestuario Marina-Felipe
^
D26/06'2010
MCHICLETARIA VILLA 01/03
T-77.00
POutros
LC1. Lazer-Estetica-Vestuario-Celular:Vestuario Marina-Felipe
^
D26/06'2010
MRI HAPPY BRINQUEDO01/03
T-113.33
PRi Happy
LE1. Extraordinarias (Ongoing):Presentes
^
D26/06'2010
MAMOR AOS PEDACOS
T-26.52
PRestaurantes
LC1. Lazer-Estetica-Vestuario-Celular:Restaurantes
^
D27/06'2010
MREPASSE CUSTO IOF
T-2.83
PGoverno
LH. Impostos Federais:CPMF-IOF
^
D28/06'2010
MCENTRO COM SER VENEZ
T-117.80
PCombustível
LF. Automoveis:Combustivel-Lavagem-Oleo
^
D28/06'2010
MGRILL HALL PAULISTA
T-25.10
PRestaurantes
LC1. Lazer-Estetica-Vestuario-Celular:Restaurantes
^
D29/06'2010
MRICHARDS 02/03
T-146.66
POutros
LE1. Extraordinarias (Ongoing):Presentes
^
D30/06'2010
MDROGA RAIA 223
T-21.89
PDrogaria
LB1. Alimentacao-Drogaria-Vet:Drogaria
^
D30/06'2010
MLIVR CULTURA
T-89.00
POutros
LE1. Extraordinarias (Ongoing):Residencia Moveis-Eletro-Servicos
^
D30/06'2010
MWAL MART LJ 3705 PDV
T-452.28
PSupermercado
LB1. Alimentacao-Drogaria-Vet:Mercado-Padaria-Vinhos
^
D30/06'2010
MDEBITO DE IOF
T-3.95
PGoverno
LH. Impostos Federais:CPMF-IOF
^
D01/07'2010
MSHOP V OLIMP GRANO
T-16.90
PRestaurantes
LC1. Lazer-Estetica-Vestuario-Celular:Restaurantes
^
D01/07'2010
MCARTAO PERSONNALITE
T18.50
PMastercard Personnalite
LC. Reembolsos:Reembolso
^
D03/07'2010
MESTACIONAMENTO EINSTEI
T-18.00
PEstapar
LE1. Extraordinarias (Ongoing):Taxi-Estacionamento
^
D03/07'2010
MDROGASIL LJ 170
T-86.64
PDrogaria
LB1. Alimentacao-Drogaria-Vet:Drogaria
^
D03/07'2010
MZEKA CABELEREIRO
T-199.00
PZeka Cabelereiro
LC1. Lazer-Estetica-Vestuario-Celular:Estetica-Massagem
^
D04/07'2010
MDROGASIL SA LJ 05802/03
T-90.51
PDrogaria
LB1. Alimentacao-Drogaria-Vet:Drogaria
^
D04/07'2010
MDROGARIA BIFARMA 1
T-46.70
PDrogaria
LB1. Alimentacao-Drogaria-Vet:Drogaria
^
D05/07'2010
MTUTTI FRUTTI
T-15.40
PRestaurantes
LC1. Lazer-Estetica-Vestuario-Celular:Restaurantes
^
D05/07'2010
MIG LAVANDERIAS
T-31.00
POutros
LE1. Extraordinarias (Ongoing):Residencia Moveis-Eletro-Servicos
^
D05/07'2010
MAPPLEBEES MORUMBI
T-47.35
PRestaurantes
LC1. Lazer-Estetica-Vestuario-Celular:Restaurantes
^
D05/07'2010
MCENTRO COM SER VENEZ
T-118.15
PCombustível
LF. Automoveis:Combustivel-Lavagem-Oleo
^
D06/07'2010
MGOL TRAN AEREO INT03/06 - TKT CARACAS
T-121.72
PGol Linhas Aereas
LG. Reembolsaveis:Despesas de Trabalho
^
D06/07'2010
MGALETOS VL OLIMPIA
T-64.13
PRestaurantes
LC1. Lazer-Estetica-Vestuario-Celular:Restaurantes
^
D07/07'2010
MPAO DO PARQUE
T-42.30
PPao do Parque
LB1. Alimentacao-Drogaria-Vet:Mercado-Padaria-Vinhos
^
D08/07'2010
MTAM CALL CENTER 03/05 TKT GRU/CARACAS
T-130.60
PTAM Linhas Aereas
LG. Reembolsaveis:Despesas de Trabalho
^
D09/07'2010
MC.DA VILLA SERV ENTREG
T-66.90
PRestaurantes
LC1. Lazer-Estetica-Vestuario-Celular:Restaurantes
^
D11/07'2010
MSENZALA
T-180.00
PRestaurantes
LC1. Lazer-Estetica-Vestuario-Celular:Restaurantes
^
D12/07'2010
MCARTAO PERSONNALITE
T4,158.27
PMastercard Personnalite
L[Itau Personnalité]
^
D12/07'2010
MAUTO POSTO HUNGRIA
T-67.00
PCombustível
LF. Automoveis:Combustivel-Lavagem-Oleo
^
D12/07'2010
MCHICLETARIA VILLA 02/03
T-56.33
POutros
LC1. Lazer-Estetica-Vestuario-Celular:Vestuario Marina-Felipe
^
D13/07'2010
MDROGA RAIA F 106
T-86.28
PDrogaria
LB1. Alimentacao-Drogaria-Vet:Drogaria
^
D17/07'2010
MGOORILA 01/03 - TV
T-536.33
POutros
LA1. Residencia Villas:Moveis
^
D17/07'2010
MIVANA GARDEN
T-35.00
PCombustível
LF. Automoveis:Combustivel-Lavagem-Oleo
^
D17/07'2010
MPAO DO PARQUE
T-37.90
PPao do Parque
LB1. Alimentacao-Drogaria-Vet:Mercado-Padaria-Vinhos
^
D18/07'2010
MOURO TAXI
T-122.00
POutros
LG. Reembolsaveis:Despesas de Trabalho
^
D19/07'2010
MDOM CHURRASCO
T-38.17
PRestaurantes
LC1. Lazer-Estetica-Vestuario-Celular:Restaurantes
^
D19/07'2010
MBIG CAMARAO
T-32.31
PRestaurantes
LC1. Lazer-Estetica-Vestuario-Celular:Restaurantes
^
D19/07'2010
MBIO ALTERNATIVA
T-28.00
PRestaurantes
LC1. Lazer-Estetica-Vestuario-Celular:Restaurantes
^
D20/07'2010
MDROGA RAIA 223 01/03
T-54.49
PDrogaria
LB1. Alimentacao-Drogaria-Vet:Drogaria
^
D20/07'2010
MAMOR AOS PEDACOS
T-105.49
PRestaurantes
LC1. Lazer-Estetica-Vestuario-Celular:Restaurantes
^
D20/07'2010
MDA FRANCO RISTORANTE
T-26.44
PRestaurantes
LC1. Lazer-Estetica-Vestuario-Celular:Restaurantes
^
D21/07'2010
MCOLHER DE PAU
T-47.50
PRestaurantes
LC1. Lazer-Estetica-Vestuario-Celular:Restaurantes
^
D21/07'2010
MBIG CAMARAO
T-30.16
PRestaurantes
LC1. Lazer-Estetica-Vestuario-Celular:Restaurantes
^
D21/07'2010
MDA FRANCO RISTORANTE
T-25.30
PRestaurantes
LC1. Lazer-Estetica-Vestuario-Celular:Restaurantes
^
D22/07'2010
MDUFRY DUTY FREE AI03/06
T-103.42
PDufry
LD. Viagens:Compras
^
D22/07'2010
MELEMENTAR DROGARIA
T-9.01
PDrogaria
LB1. Alimentacao-Drogaria-Vet:Drogaria
^
D23/07'2010
MANDIAMO VILA OLIMPIA
T-59.23
PRestaurantes
LC1. Lazer-Estetica-Vestuario-Celular:Restaurantes
^
D23/07'2010
MASIA H SUSHI REST LT
T-13.13
PRestaurantes
LC1. Lazer-Estetica-Vestuario-Celular:Restaurantes
^
D24/07'2010
MDROGA RAIA F 106 02/02
T-51.60
PDrogaria
LB1. Alimentacao-Drogaria-Vet:Drogaria
^
D24/07'2010
MPLAYLAND ELDORADO
T-40.00
POutros
LC1. Lazer-Estetica-Vestuario-Celular:Cinema-Locadora-Esportes-Diversao
^
D24/07'2010
MAPPLEBEE'S-SH.ELDORADO
T-135.58
PRestaurantes
LC1. Lazer-Estetica-Vestuario-Celular:Restaurantes
^
D25/07'2010
MRESTAURANTE LUAR
T-205.50
PRestaurantes
LC1. Lazer-Estetica-Vestuario-Celular:Restaurantes
^
D26/07'2010
MDROGASIL LJ 170 01/02
T-58.61
PDrogaria
LB1. Alimentacao-Drogaria-Vet:Drogaria
^
D26/07'2010
MVRKIDS 02/02
T-84.50
POutros
LC1. Lazer-Estetica-Vestuario-Celular:Vestuario Marina-Felipe
^
D26/07'2010
MCHICLETARIA VILLA 02/03
T-77.00
POutros
LC1. Lazer-Estetica-Vestuario-Celular:Vestuario Marina-Felipe
^
D26/07'2010
MRI HAPPY BRINQUEDO02/03
T-113.31
PRi Happy
LE1. Extraordinarias (Ongoing):Presentes
^
D26/07'2010
MDA FRANCO RISTORANTE
T-25.30
PRestaurantes
LC1. Lazer-Estetica-Vestuario-Celular:Restaurantes
^
D27/07'2010
MZEKA CABELEREIRO
T-40.00
PZeka Cabelereiro
LC1. Lazer-Estetica-Vestuario-Celular:Estetica-Massagem
^
D28/07'2010
MBOVINU S FAST GRILL
T-21.99
PRestaurantes
LC1. Lazer-Estetica-Vestuario-Celular:Restaurantes
^
D29/07'2010
MCHURASCARIA PORTAL GRI
T-40.58
PRestaurantes
LC1. Lazer-Estetica-Vestuario-Celular:Restaurantes
^
D29/07'2010
MP A DELIVERY LJ 2609
T-367.80
PSupermercado
LB1. Alimentacao-Drogaria-Vet:Mercado-Padaria-Vinhos
^
D29/07'2010
MRICHARDS 03/03
T-146.68
POutros
LE1. Extraordinarias (Ongoing):Presentes
^
D30/07'2010
MRESTAURANTE HIRO
T-89.98
PRestaurantes
LC1. Lazer-Estetica-Vestuario-Celular:Restaurantes
^
D30/07'2010
MSHOP V OLIMP GRANO
T-17.70
PRestaurantes
LC1. Lazer-Estetica-Vestuario-Celular:Restaurantes
^
D30/07'2010
MDROGARIA BIFARMA 1
T-27.33
PDrogaria
LB1. Alimentacao-Drogaria-Vet:Drogaria
^
D31/07'2010
MCR DIFERENCA COTACAO U$
T0.69
PMastercard Personnalite
LB. Outras Receitas:Ajustes
^
D01/08'2010
MCENTRO COM SER VENEZ
T-122.01
PCombustível
LF. Automoveis:Combustivel-Lavagem-Oleo
^
D01/08'2010
MIVANA GARDEN
T-123.00
PCombustível
LF. Automoveis:Combustivel-Lavagem-Oleo
^
D02/08'2010
MDROGA RAIA 223
T-22.14
PDrogaria
LB1. Alimentacao-Drogaria-Vet:Drogaria
^
D04/08'2010
MDROGASIL SA LJ 05803/03
T-90.52
PDrogaria
LB1. Alimentacao-Drogaria-Vet:Drogaria
^
D04/08'2010
MLOJINHA PERDIGAO
T-20.95
PSupermercado
LB1. Alimentacao-Drogaria-Vet:Mercado-Padaria-Vinhos
^
D06/08'2010
MGOL TRAN AEREO INT04/06 - TKT CARACAS
T-121.72
PGol Linhas Aereas
LG. Reembolsaveis:Despesas de Trabalho
^
D07/08'2010
MALMANARA SH VILLA LOBO
T-60.70
PRestaurantes
LC1. Lazer-Estetica-Vestuario-Celular:Restaurantes
^
D07/08'2010
MZEKA CABELEREIRO
T-124.00
PZeka Cabelereiro
LC1. Lazer-Estetica-Vestuario-Celular:Estetica-Massagem
^
D07/08'2010
MC A AGUA ESPRAIADA
T-152.00
PCombustível
LF. Automoveis:Combustivel-Lavagem-Oleo
^
D08/08'2010
MTAM CALL CENTER 04/05 TKT GRU/CARACAS
T-130.60
PTAM Linhas Aereas
LG. Reembolsaveis:Despesas de Trabalho
^
D08/08'2010
MAPPLEBEE JOAQUIM FLORI
T-107.80
PRestaurantes
LC1. Lazer-Estetica-Vestuario-Celular:Restaurantes
^
D10/08'2010
MDROGASIL LJ 170
T-55.39
PDrogaria
LB1. Alimentacao-Drogaria-Vet:Drogaria
^
D11/08'2010
MBIG CAMARAO
T-27.03
PRestaurantes
LC1. Lazer-Estetica-Vestuario-Celular:Restaurantes
^
D11/08'2010
MPOSTO UNIVERSITARIOS
T-112.00
PCombustível
LF. Automoveis:Combustivel-Lavagem-Oleo
^
D12/08'2010
MCARTAO PERSONNALITE
T4,314.66
PMastercard Personnalite
L[Itau Personnalité]
^
D12/08'2010
MBIG CAMARAO
T-38.76
PRestaurantes
LC1. Lazer-Estetica-Vestuario-Celular:Restaurantes
^
D12/08'2010
MCHICLETARIA VILLA 03/03
T-56.34
POutros
LC1. Lazer-Estetica-Vestuario-Celular:Vestuario Marina-Felipe
^
D12/08'2010
MPEGUE E FACA TEODO01/03
T-53.50
POutros
LE1. Extraordinarias (Ongoing):Residencia Moveis-Eletro-Servicos
^
D12/08'2010
MHOTEL SANTA BARBARA RE
T-591.75
POutros
LG. Reembolsaveis:Despesas de Trabalho
^
D13/08'2010
MBIG CAMARAO
T-34.69
PRestaurantes
LC1. Lazer-Estetica-Vestuario-Celular:Restaurantes
^
D13/08'2010
MHOTEL DIOGO
T-32.45
PRestaurantes
LC1. Lazer-Estetica-Vestuario-Celular:Restaurantes
^
D13/08'2010
MIOF COMPRA INTERNACIONA
T-14.09
PGoverno
LH. Impostos Federais:CPMF-IOF
^
D13/08'2010
MRESTAURANTE ZOE
T-61.88
POutros
LG. Reembolsaveis:Despesas de Trabalho
^
D14/08'2010
METNA HOME STORE 01/03
T-217.94
POutros
LA1. Residencia Villas:Moveis
^
D14/08'2010
MC.DA VILLA SERV ENTREG - CASARAO
T-63.58
PRestaurantes
LC1. Lazer-Estetica-Vestuario-Celular:Restaurantes
^
D14/08'2010
MIOF COMPRA INTERNACIONA
T-1.47
PGoverno
LH. Impostos Federais:CPMF-IOF
^
D14/08'2010
MCARREFOUR SANTA ANA
T-10.82
POutros
LG. Reembolsaveis:Despesas de Trabalho
^
D14/08'2010
MCORRAL GOURMET SANTA A
T-25.91
POutros
LG. Reembolsaveis:Despesas de Trabalho
^
D15/08'2010
MSP VIVI SP
T-30.50
POutros
LC1. Lazer-Estetica-Vestuario-Celular:Cinema-Locadora-Esportes-Diversao
^
D15/08'2010
MCHINA LAKE RESTAURANTE
T-58.00
PRestaurantes
LC1. Lazer-Estetica-Vestuario-Celular:Restaurantes
^
D15/08'2010
MCENTRO COM SER VENEZ
T-122.07
PCombustível
LF. Automoveis:Combustivel-Lavagem-Oleo
^
D15/08'2010
MIOF COMPRA INTERNACIONA
T-0.26
PGoverno
LH. Impostos Federais:CPMF-IOF
^
D15/08'2010
MIOF COMPRA INTERNACIONA
T-0.62
PGoverno
LH. Impostos Federais:CPMF-IOF
^
D15/08'2010
MRESTAURANTE ZOE
T-74.08
POutros
LG. Reembolsaveis:Despesas de Trabalho
^
D16/08'2010
MCEMITERIO DA PAZ 01/03
T-243.10
POutros
LE2. Extraordinarias (One Time):Outras
^
D16/08'2010
MTRATORIA DO PIERO
T-43.00
PRestaurantes
LC1. Lazer-Estetica-Vestuario-Celular:Restaurantes
^
D16/08'2010
MIOF COMPRA INTERNACIONA
T-1.76
PGoverno
LH. Impostos Federais:CPMF-IOF
^
D16/08'2010
MPAYPAL *SKYPE
T-25.67
PMicrosoft
LE1. Extraordinarias (Ongoing):Assinaturas-Licencas
^
D16/08'2010
MRESTAURANTE ZOE
T-62.62
POutros
LG. Reembolsaveis:Despesas de Trabalho
^
D16/08'2010
MLOS POLLITOS BROASTED
T-28.45
POutros
LG. Reembolsaveis:Despesas de Trabalho
^
D17/08'2010
MGOORILA 01/03 - TV
T-536.34
POutros
LA1. Residencia Villas:Moveis
^
D17/08'2010
MVARANDA FRUTAS
T-9.90
PRestaurantes
LC1. Lazer-Estetica-Vestuario-Celular:Restaurantes
^
D17/08'2010
MVARANDA FRUTAS
T-10.50
PRestaurantes
LC1. Lazer-Estetica-Vestuario-Celular:Restaurantes
^
D17/08'2010
MHAKKA BAR
T-18.87
PRestaurantes
LC1. Lazer-Estetica-Vestuario-Celular:Restaurantes
^
D17/08'2010
MBOVINU S FAST GRILL
T-17.47
PRestaurantes
LC1. Lazer-Estetica-Vestuario-Celular:Restaurantes
^
D17/08'2010
MIOF COMPRA INTERNACIONA
T-0.62
PGoverno
LH. Impostos Federais:CPMF-IOF
^
D17/08'2010
MIOF COMPRA INTERNACIONA
T-1.49
PGoverno
LH. Impostos Federais:CPMF-IOF
^
D17/08'2010
MIOF COMPRA INTERNACIONA
T-0.68
PGoverno
LH. Impostos Federais:CPMF-IOF
^
D17/08'2010
MTIENDA DE CAFE JUAN VA
T-94.60
PSupermercado
LB1. Alimentacao-Drogaria-Vet:Mercado-Padaria-Vinhos
^
D17/08'2010
MMETROPOLI LTDA - JOIAS MARINA/CARLA
T-512.76
POutros
LE1. Extraordinarias (Ongoing):Presentes
^
D17/08'2010
MIMAGINARIUM EL DORADO
T-36.23
POutros
LE1. Extraordinarias (Ongoing):Presentes
^
D17/08'2010
MHOTEL SANTA BARBARA RE
T-46.58
POutros
LG. Reembolsaveis:Despesas de Trabalho
^
D18/08'2010
MBOVINU S FAST GRILL
T-20.05
PRestaurantes
LC1. Lazer-Estetica-Vestuario-Celular:Restaurantes
^
D18/08'2010
MIOF COMPRA INTERNACIONA
T-2.26
PGoverno
LH. Impostos Federais:CPMF-IOF
^
D18/08'2010
MIOF COMPRA INTERNACIONA
T-12.21
PGoverno
LH. Impostos Federais:CPMF-IOF
^
D18/08'2010
MIOF COMPRA INTERNACIONA
T-0.86
PGoverno
LH. Impostos Federais:CPMF-IOF
^
D18/08'2010
MIOF COMPRA INTERNACIONA
T-1.11
PGoverno
LH. Impostos Federais:CPMF-IOF
^
D19/08'2010
MVIENA EX VILA OLIMP
T-17.70
PRestaurantes
LC1. Lazer-Estetica-Vestuario-Celular:Restaurantes
^
D19/08'2010
MDA FRANCO
T-25.30
PRestaurantes
LC1. Lazer-Estetica-Vestuario-Celular:Restaurantes
^
D20/08'2010
MCAFE DE SAO PAULO
T-41.69
PRestaurantes
LC1. Lazer-Estetica-Vestuario-Celular:Restaurantes
^
D20/08'2010
MRESTAURANTE HIRO
T-140.58
PRestaurantes
LC1. Lazer-Estetica-Vestuario-Celular:Restaurantes
^
D20/08'2010
MDROGA RAIA 223 02/03
T-54.48
PDrogaria
LB1. Alimentacao-Drogaria-Vet:Drogaria
^
D20/08'2010
MVIENA VCNA
T-8.40
PRestaurantes
LC1. Lazer-Estetica-Vestuario-Celular:Restaurantes
^
D20/08'2010
MPAYPAL *COMPANIONLI
T-71.97
POutros
LE1. Extraordinarias (Ongoing):Residencia Moveis-Eletro-Servicos
^
D21/08'2010
MDON PEPE DI NAPOLI 2
T-102.04
PRestaurantes
LC1. Lazer-Estetica-Vestuario-Celular:Restaurantes
^
D21/08'2010
MIOF COMPRA INTERNACIONA
T-1.71
PGoverno
LH. Impostos Federais:CPMF-IOF
^
D22/08'2010
MDUFRY DUTY FREE AI04/06
T-103.42
PDufry
LD. Viagens:Compras
^
D22/08'2010
MPAO DO PARQUE
T-17.56
PPao do Parque
LB1. Alimentacao-Drogaria-Vet:Mercado-Padaria-Vinhos
^
D22/08'2010
MDOMAIN NAME REGISTRATI
T-70.31
POutros
LE2. Extraordinarias (One Time):Investimentos na Empresa
^
D23/08'2010
MDROGASIL LJ 170 01/02
T-60.86
PDrogaria
LB1. Alimentacao-Drogaria-Vet:Drogaria
^
D23/08'2010
MMC DONALD S
T-17.00
PRestaurantes
LC1. Lazer-Estetica-Vestuario-Celular:Restaurantes
^
D23/08'2010
MNAKOMBI
T-43.45
PRestaurantes
LC1. Lazer-Estetica-Vestuario-Celular:Restaurantes
^
D23/08'2010
MCENTRO COM SER VENEZ
T-104.05
PCombustível
LF. Automoveis:Combustivel-Lavagem-Oleo
^
D23/08'2010
MDA FRANCO
T-25.30
PRestaurantes
LC1. Lazer-Estetica-Vestuario-Celular:Restaurantes
^
D24/08'2010
MPINOLI
T-46.53
PRestaurantes
LC1. Lazer-Estetica-Vestuario-Celular:Restaurantes
^
D24/08'2010
MZEKA CABELEREIRO
T-40.00
PZeka Cabelereiro
LC1. Lazer-Estetica-Vestuario-Celular:Estetica-Massagem
^
D24/08'2010
MLOJINHA PERDIGAO
T-59.03
PSupermercado
LB1. Alimentacao-Drogaria-Vet:Mercado-Padaria-Vinhos
^
D24/08'2010
MEXTRA JAGUARE 1357
T-342.27
PExtra
LB1. Alimentacao-Drogaria-Vet:Mercado-Padaria-Vinhos
^
D24/08'2010
MGRILL HALL PAULISTA
T-18.05
PRestaurantes
LC1. Lazer-Estetica-Vestuario-Celular:Restaurantes
^
D25/08'2010
MGRILL HALL PAULISTA
T-22.05
PRestaurantes
LC1. Lazer-Estetica-Vestuario-Celular:Restaurantes
^
D26/08'2010
MDROGASIL LJ 170 02/02
T-58.60
PDrogaria
LB1. Alimentacao-Drogaria-Vet:Drogaria
^
D26/08'2010
MVILA ROMANA VL OLI01/03
T-99.90
PVila Romana
LC1. Lazer-Estetica-Vestuario-Celular:Vestuario Eduardo-Carla
^
D26/08'2010
MLANCHONETE MUZAMBINHO
T-26.65
PRestaurantes
LC1. Lazer-Estetica-Vestuario-Celular:Restaurantes
^
D26/08'2010
MCHICLETARIA VILLA 03/03
T-77.00
POutros
LC1. Lazer-Estetica-Vestuario-Celular:Vestuario Marina-Felipe
^
D26/08'2010
MRI HAPPY BRINQUEDO03/03
T-113.31
PRi Happy
LE1. Extraordinarias (Ongoing):Presentes
^
D27/08'2010
MDROGASIL LJ 183 01/03
T-55.55
PDrogaria
LB1. Alimentacao-Drogaria-Vet:Drogaria
^
D27/08'2010
MGAIA GRILL
T-18.99
PRestaurantes
LC1. Lazer-Estetica-Vestuario-Celular:Restaurantes
^
D27/08'2010
MKOPENHAGEN
T-44.40
PRestaurantes
LC1. Lazer-Estetica-Vestuario-Celular:Restaurantes
^
D27/08'2010
MOUTBACK STEAK HOUSE
T-91.83
PRestaurantes
LC1. Lazer-Estetica-Vestuario-Celular:Restaurantes
^
D27/08'2010
MIOF COMPRA INTERNACIONA
T-1.67
PGoverno
LH. Impostos Federais:CPMF-IOF
^
D28/08'2010
MRESTAURANTE LUAR
T-157.00
PRestaurantes
LC1. Lazer-Estetica-Vestuario-Celular:Restaurantes
^
D30/08'2010
MHIBISCUS BISTRO
T-14.00
PRestaurantes
LC1. Lazer-Estetica-Vestuario-Celular:Restaurantes
^
D30/08'2010
MALIMENTACAO JAS LANCHO
T-25.64
PRestaurantes
LC1. Lazer-Estetica-Vestuario-Celular:Restaurantes
^
D30/08'2010
MPAYPAL *ASKNET INC
T-27.03
POutros
LE1. Extraordinarias (Ongoing):Residencia Moveis-Eletro-Servicos
^
D30/08'2010
MGOL TRANSP AEREOS 01/06 - TKT COLOMBIA
T-164.80
PGol Linhas Aereas
LG. Reembolsaveis:Despesas de Trabalho
^
D31/08'2010
MC.DA VILLA SERV ENTREG - CASARAO
T-100.00
PRestaurantes
LC1. Lazer-Estetica-Vestuario-Celular:Restaurantes
^
D31/08'2010
MIOF COMPRA INTERNACIONA
T-0.65
PGoverno
LH. Impostos Federais:CPMF-IOF
^
D02/09'2010
MCENTRO COM SER VENEZ
T-120.00
PCombustível
LF. Automoveis:Combustivel-Lavagem-Oleo
^
D02/09'2010
MDROGA RAIA FL 223
T-47.56
PDrogaria
LB1. Alimentacao-Drogaria-Vet:Drogaria
^
D03/09'2010
MDROGA RAIA FL 78 01/03
T-56.80
PDrogaria
LB1. Alimentacao-Drogaria-Vet:Drogaria
^
D03/09'2010
MAUTO POSTO AUSTRIA
T-47.04
PCombustível
LF. Automoveis:Combustivel-Lavagem-Oleo
^
D03/09'2010
MBOTECO BRASIL
T-29.00
PRestaurantes
LC1. Lazer-Estetica-Vestuario-Celular:Restaurantes
^
D04/09'2010
MPOSTO OURO BRANCO
T-93.50
PCombustível
LF. Automoveis:Combustivel-Lavagem-Oleo
^
D06/09'2010
MGOL TRAN AEREO INT05/06 - TKT CARACAS
T-121.72
PGol Linhas Aereas
LG. Reembolsaveis:Despesas de Trabalho
^
D07/09'2010
MRESTAURANTE TAYAYA01/03
T-747.16
POutros
LD. Viagens
^
D08/09'2010
MTAM CALL CENTER 05/05 TKT GRU/CARACAS
T-130.60
PTAM Linhas Aereas
LG. Reembolsaveis:Despesas de Trabalho
^
D08/09'2010
MDROGASIL LJ 170 01/03
T-60.95
PDrogaria
LB1. Alimentacao-Drogaria-Vet:Drogaria
^
D08/09'2010
MC A OLIMPIA BANDEIRANT
T-93.00
PCombustível
LF. Automoveis:Combustivel-Lavagem-Oleo
^
D08/09'2010
MC A OLIMPIA BANDEIRANT
T-7.30
PRestaurantes
LC1. Lazer-Estetica-Vestuario-Celular:Restaurantes
^
D09/09'2010
MSAFETY SYSTEM - PORTO SEGURO MECANICA
T-1,098.00
POutros
LF. Automoveis:Manutencao-Revisao Auto
^
D10/09'2010
MAMERICA IGUATEMI Q01
T-65.00
PRestaurantes
LC1. Lazer-Estetica-Vestuario-Celular:Restaurantes
^
D11/09'2010
MZEKA CABELEREIRO
T-40.00
PZeka Cabelereiro
LC1. Lazer-Estetica-Vestuario-Celular:Estetica-Massagem
^
D11/09'2010
MPARIS 6
T-380.00
PRestaurantes
LC1. Lazer-Estetica-Vestuario-Celular:Restaurantes
^
D12/09'2010
MDUTY FREE SHOP $
T-23.00
PDufry
LD. Viagens:Compras
^
D12/09'2010
MCENTER CAR AUTO POSTO
T-56.00
PCombustível
LF. Automoveis:Combustivel-Lavagem-Oleo
^
D12/09'2010
MPEGUE E FACA TEODO02/03
T-53.50
POutros
LE1. Extraordinarias (Ongoing):Residencia Moveis-Eletro-Servicos
^
D13/09'2010
MCARTAO PERSONNALITE
T5,222.89
PMastercard Personnalite
L[Itau Personnalité]
^
D13/09'2010
MDROGA RAIA FL 223
T-44.65
PDrogaria
LB1. Alimentacao-Drogaria-Vet:Drogaria
^
D14/09'2010
METNA HOME STORE 02/03
T-217.92
POutros
LA1. Residencia Villas:Moveis
^
D14/09'2010
MAREZZO 01/03
T-76.64
PArezzo
LC1. Lazer-Estetica-Vestuario-Celular:Vestuario Eduardo-Carla
^
D14/09'2010
MVIENA VCNA Q01
T-47.07
PRestaurantes
LC1. Lazer-Estetica-Vestuario-Celular:Restaurantes
^
D16/09'2010
MCEMITERIO DA PAZ 02/03
T-243.10
POutros
LE2. Extraordinarias (One Time):Outras
^
D16/09'2010
MLIVR CULTURA 01/03
T-72.58
POutros
LE1. Extraordinarias (Ongoing):Presentes
^
D16/09'2010
MVIENA VCNA Q01
T-24.00
PRestaurantes
LC1. Lazer-Estetica-Vestuario-Celular:Restaurantes
^
D18/09'2010
MDUTY FREE SHOP $ 01/04
T-152.78
PDufry
LD. Viagens:Compras
^
D18/09'2010
MAIRPORT BUS SERVICEQ01
T-31.00
POutros
LE1. Extraordinarias (Ongoing):Taxi-Estacionamento
^
D18/09'2010
MZEKA CABELEREIRO
T-204.00
PZeka Cabelereiro
LC1. Lazer-Estetica-Vestuario-Celular:Estetica-Massagem
^
D19/09'2010
MAPPLEBEE JOAQUIM FLORI
T-107.75
PRestaurantes
LC1. Lazer-Estetica-Vestuario-Celular:Restaurantes
^
D19/09'2010
MTEATRO RESSUREICAO
T-90.00
POutros
LC1. Lazer-Estetica-Vestuario-Celular:Cinema-Locadora-Esportes-Diversao
^
D20/09'2010
MDROGA RAIA 223 03/03
T-54.48
PDrogaria
LB1. Alimentacao-Drogaria-Vet:Drogaria
^
D21/09'2010
MANDIAMO ROCIO
T-166.10
PRestaurantes
LC1. Lazer-Estetica-Vestuario-Celular:Restaurantes
^
D21/09'2010
MCENTRO COM SER VENEZ
T-93.03
PCombustível
LF. Automoveis:Combustivel-Lavagem-Oleo
^
D21/09'2010
MMEGADELTA
T-137.36
PCombustível
LF. Automoveis:Combustivel-Lavagem-Oleo
^
D22/09'2010
MDUFRY DUTY FREE AI05/06
T-103.42
PDufry
LD. Viagens:Compras
^
D22/09'2010
MSONDA SUPERMERCADO01/02
T-94.58
PSupermercado
LB1. Alimentacao-Drogaria-Vet:Mercado-Padaria-Vinhos
^
D22/09'2010
MPAO DO PARQUE
T-36.56
PPao do Parque
LB1. Alimentacao-Drogaria-Vet:Mercado-Padaria-Vinhos
^
D22/09'2010
MAMERICA Q01
T-48.40
PRestaurantes
LC1. Lazer-Estetica-Vestuario-Celular:Restaurantes
^
D22/09'2010
MP A DELIVERY LJ 2609
T-449.69
PSupermercado
LB1. Alimentacao-Drogaria-Vet:Mercado-Padaria-Vinhos
^
D23/09'2010
MDROGASIL LJ 170 02/02
T-60.86
PDrogaria
LB1. Alimentacao-Drogaria-Vet:Drogaria
^
D23/09'2010
MTHE FIFTIES VL OLIMPIA
T-33.66
PRestaurantes
LC1. Lazer-Estetica-Vestuario-Celular:Restaurantes
^
D24/09'2010
MDROGA RAIA FL 106
T-82.58
PDrogaria
LB1. Alimentacao-Drogaria-Vet:Drogaria
^
D24/09'2010
MVIENA VCNA Q01
T-16.60
PRestaurantes
LC1. Lazer-Estetica-Vestuario-Celular:Restaurantes
^
D25/09'2010
MINGRESSO.COM
T-12.80
PIngresso
LC1. Lazer-Estetica-Vestuario-Celular:Cinema-Locadora-Esportes-Diversao
^
D25/09'2010
MINGRESSO.COM
T-12.80
PIngresso
LC1. Lazer-Estetica-Vestuario-Celular:Cinema-Locadora-Esportes-Diversao
^
D26/09'2010
MVILA ROMANA VL OLI02/03
T-99.90
PVila Romana
LC1. Lazer-Estetica-Vestuario-Celular:Vestuario Eduardo-Carla
^
D26/09'2010
MAPPLEBEE'S-SH.ELDORADO
T-111.60
PRestaurantes
LC1. Lazer-Estetica-Vestuario-Celular:Restaurantes
^
D26/09'2010
MFOM
T-82.00
POutros
LE1. Extraordinarias (Ongoing):Presentes
^
D27/09'2010
MDROGASIL LJ 183 02/03
T-55.54
PDrogaria
LB1. Alimentacao-Drogaria-Vet:Drogaria
^
D27/09'2010
MDOLCE VITA
T-20.40
PRestaurantes
LC1. Lazer-Estetica-Vestuario-Celular:Restaurantes
^
D27/09'2010
MESTAPAR PARQUE AVENQ01
T-28.00
PEstapar
LE1. Extraordinarias (Ongoing):Taxi-Estacionamento
^
D28/09'2010
MPARIS 01/03 - PEUGEOT
T-534.18
POutros
LF. Automoveis:Manutencao-Revisao Auto
^
D28/09'2010
MESTAPAR C M PEIXOQ01
T-11.90
PEstapar
LE1. Extraordinarias (Ongoing):Taxi-Estacionamento
^
D28/09'2010
MAMERICA PAULISTA Q01
T-100.70
PRestaurantes
LC1. Lazer-Estetica-Vestuario-Celular:Restaurantes
^
D29/09'2010
MCR DIFERENCA COTACAO U$
T3.90
PMastercard Personnalite
LB. Outras Receitas:Ajustes
^
D30/09'2010
MPODEROSO TIMAO OSASCO
T-89.90
POutros
LC1. Lazer-Estetica-Vestuario-Celular:Vestuario Eduardo-Carla
^
D30/09'2010
MGAIA GRILL
T-18.59
PRestaurantes
LC1. Lazer-Estetica-Vestuario-Celular:Restaurantes
^
D30/09'2010
MKFC SHOPPING OSASCOQ01
T-16.30
PRestaurantes
LC1. Lazer-Estetica-Vestuario-Celular:Restaurantes
^
D30/09'2010
MGOL TRANSP AEREOS 02/06 -TKT COLOMBIA
T-164.80
PGol Linhas Aereas
LG. Reembolsaveis:Despesas de Trabalho
^
D01/10'2010
MDROGASIL SA LJ 05801/03
T-68.02
PDrogaria
LB1. Alimentacao-Drogaria-Vet:Drogaria
^
D02/10'2010
MC.DA VILLA SERV ENTREG - LAVANDERIA
T-94.05
POutros
LE1. Extraordinarias (Ongoing):Residencia Moveis-Eletro-Servicos
^
D03/10'2010
MDROGA RAIA FL 78
T0.04
PDrogaria
LB1. Alimentacao-Drogaria-Vet:Drogaria
^
D03/10'2010
MDROGA RAIA FL 78 02/03
T-56.80
PDrogaria
LB1. Alimentacao-Drogaria-Vet:Drogaria
^
D03/10'2010
MDECATHLON 01/06
T-65.49
PDecathlon
LC1. Lazer-Estetica-Vestuario-Celular:Vestuario Eduardo-Carla
^
D05/10'2010
MAUTO POSTO AUSTRIA
T-143.02
PCombustível
LF. Automoveis:Combustivel-Lavagem-Oleo
^
D05/10'2010
MDROGAO SHOP ANALIA FRA
T-9.18
PDrogaria
LB1. Alimentacao-Drogaria-Vet:Drogaria
^
D05/10'2010
MPROCOPIO SPORTS - NATACAO
T-42.98
POutros
LC1. Lazer-Estetica-Vestuario-Celular:Vestuario Marina-Felipe
^
D06/10'2010
MGOL TRAN AEREO INT06/06 - TKT CARACAS
T-121.72
PGol Linhas Aereas
LG. Reembolsaveis:Despesas de Trabalho
^
D06/10'2010
MBRAUMEISTER SH PAULIST
T-46.20
PRestaurantes
LC1. Lazer-Estetica-Vestuario-Celular:Restaurantes
^
D07/10'2010
MRESTAURANTE TAYAYA
T0.04
PRestaurantes
LB. Outras Receitas:Ajustes
^
D07/10'2010
MRESTAURANTE TAYAYA02/03
T-747.16
POutros
LD. Viagens
^
D07/10'2010
MPOSTO 207
T-136.97
PCombustível
LF. Automoveis:Combustivel-Lavagem-Oleo
^
D07/10'2010
MDROGAO SHOP ANALIA FRA
T-29.76
PDrogaria
LB1. Alimentacao-Drogaria-Vet:Drogaria
^
D08/10'2010
MDROGASIL LJ 170
T0.02
PDrogaria
LB1. Alimentacao-Drogaria-Vet:Drogaria
^
D08/10'2010
MDROGASIL LJ 170 02/03
T-60.95
PDrogaria
LB1. Alimentacao-Drogaria-Vet:Drogaria
^
D08/10'2010
MVILA ROMANA VL OLI01/02
T-77.43
PVila Romana
LC1. Lazer-Estetica-Vestuario-Celular:Vestuario Eduardo-Carla
^
D08/10'2010
MPATEO DA LUZ
T-44.41
PRestaurantes
LC1. Lazer-Estetica-Vestuario-Celular:Restaurantes
^
D10/10'2010
MAPPLEBEE S ELDORADO
T-72.38
PRestaurantes
LC1. Lazer-Estetica-Vestuario-Celular:Restaurantes
^
D12/10'2010
MPAO DO PARQUE
T-21.07
PPao do Parque
LB1. Alimentacao-Drogaria-Vet:Mercado-Padaria-Vinhos
^
D12/10'2010
MRESTAURANTE LUAR
T-133.10
PRestaurantes
LC1. Lazer-Estetica-Vestuario-Celular:Restaurantes
^
D12/10'2010
MPEGUE E FACA TEODO03/03
T-53.50
POutros
LE1. Extraordinarias (Ongoing):Residencia Moveis-Eletro-Servicos
^
D13/10'2010
MCARTAO PERSONNALITE
T8,923.23
PMastercard Personnalite
L[Itau Personnalité]
^
D14/10'2010
METNA HOME STORE 03/03
T-217.92
POutros
LA1. Residencia Villas:Moveis
^
D14/10'2010
MZEKA CABELEREIRO
T-40.00
PZeka Cabelereiro
LC1. Lazer-Estetica-Vestuario-Celular:Estetica-Massagem
^
D14/10'2010
MTRATORIA DO PIERO
T-58.24
PRestaurantes
LC1. Lazer-Estetica-Vestuario-Celular:Restaurantes
^
D14/10'2010
MAREZZO
T0.02
PArezzo
LB. Outras Receitas:Ajustes
^
D14/10'2010
MAREZZO 02/03
T-76.64
PArezzo
LC1. Lazer-Estetica-Vestuario-Celular:Vestuario Eduardo-Carla
^
D14/10'2010
MO BOTICARIO 01/03
T-53.74
POutros
LE1. Extraordinarias (Ongoing):Presentes
^
D15/10'2010
MKODOMO
T-84.00
PRestaurantes
LC1. Lazer-Estetica-Vestuario-Celular:Restaurantes
^
D15/10'2010
MPRIME BURGUER
T-48.00
PRestaurantes
LC1. Lazer-Estetica-Vestuario-Celular:Restaurantes
^
D15/10'2010
MKINOPLEX ITAIM QPS
T-6.25
POutros
LC1. Lazer-Estetica-Vestuario-Celular:Cinema-Locadora-Esportes-Diversao
^
D15/10'2010
MDROGASIL S/A QPS
T-27.25
PDrogaria
LB1. Alimentacao-Drogaria-Vet:Drogaria
^
D15/10'2010
MKINOPLEX ITAIM QPS
T-23.00
POutros
LC1. Lazer-Estetica-Vestuario-Celular:Cinema-Locadora-Esportes-Diversao
^
D16/10'2010
MCEMITERIO DA PAZ 03/03
T-243.10
POutros
LE2. Extraordinarias (One Time):Outras
^
D16/10'2010
MCENTRO COM SER VENEZ
T-114.64
PCombustível
LF. Automoveis:Combustivel-Lavagem-Oleo
^
D16/10'2010
MLIVR CULTURA
T0.02
POutros
LB. Outras Receitas:Ajustes
^
D16/10'2010
MLIVR CULTURA 02/03
T-72.58
POutros
LE1. Extraordinarias (Ongoing):Presentes
^
D18/10'2010
MDUTY FREE SHOP $ 02/04
T-152.78
PDufry
LD. Viagens:Compras
^
D18/10'2010
MPAO DE ACUCAR LJ 2352
T-242.49
PPao de Açucar
LB1. Alimentacao-Drogaria-Vet:Mercado-Padaria-Vinhos
^
D18/10'2010
MDROGASIL LJ 170 01/03
T-82.40
PDrogaria
LB1. Alimentacao-Drogaria-Vet:Drogaria
^
D18/10'2010
MCACAU SHOW
T-11.00
PRestaurantes
LC1. Lazer-Estetica-Vestuario-Celular:Restaurantes
^
D19/10'2010
MALMANARA SH VILLA LOBO
T-74.30
PRestaurantes
LC1. Lazer-Estetica-Vestuario-Celular:Restaurantes
^
D20/10'2010
MPAYPAL *MEGAUPLOADL
T-17.48
POutros
LE1. Extraordinarias (Ongoing):Residencia Moveis-Eletro-Servicos
^
D22/10'2010
MDUFRY DUTY FREE AI06/06
T-103.45
PDufry
LD. Viagens:Compras
^
D22/10'2010
MSONDA SUPERMERCADOS
T0.01
PSupermercado
LB. Outras Receitas:Ajustes
^
D22/10'2010
MSONDA SUPERMERCADO02/02
T-94.58
PSupermercado
LB1. Alimentacao-Drogaria-Vet:Mercado-Padaria-Vinhos
^
D22/10'2010
MAUTO POSTO AUSTRIA
T-96.00
PCombustível
LF. Automoveis:Combustivel-Lavagem-Oleo
^
D22/10'2010
MRESTAURANTE HIRO
T-143.99
PRestaurantes
LC1. Lazer-Estetica-Vestuario-Celular:Restaurantes
^
D22/10'2010
MSHOP V OLIMP GRANO QPS
T-15.60
PRestaurantes
LC1. Lazer-Estetica-Vestuario-Celular:Restaurantes
^
D22/10'2010
MIOF COMPRA INTERNACIONA
T-0.41
PGoverno
LH. Impostos Federais:CPMF-IOF
^
D23/10'2010
MZEKA CABELEREIRO
T-188.00
PZeka Cabelereiro
LC1. Lazer-Estetica-Vestuario-Celular:Estetica-Massagem
^
D24/10'2010
MMASSAS RICCI
T-38.60
PRestaurantes
LC1. Lazer-Estetica-Vestuario-Celular:Restaurantes
^
D25/10'2010
MALIMENTACAO JAS LANCHO
T-23.21
PRestaurantes
LC1. Lazer-Estetica-Vestuario-Celular:Restaurantes
^
D25/10'2010
MRESTAURANTE LUAR
T-106.00
PRestaurantes
LC1. Lazer-Estetica-Vestuario-Celular:Restaurantes
^
D25/10'2010
MCACAU SHOW
T-16.90
PRestaurantes
LC1. Lazer-Estetica-Vestuario-Celular:Restaurantes
^
D26/10'2010
MVILA ROMANA VL OLI03/03
T-99.90
PVila Romana
LC1. Lazer-Estetica-Vestuario-Celular:Vestuario Eduardo-Carla
^
D26/10'2010
MPRIMAVERA
T-45.65
PRestaurantes
LC1. Lazer-Estetica-Vestuario-Celular:Restaurantes
^
D26/10'2010
MCENTRO COM SER VENEZ
T-130.00
PCombustível
LF. Automoveis:Combustivel-Lavagem-Oleo
^
D26/10'2010
MMC DONALD S0 QPS
T-21.00
PRestaurantes
LC1. Lazer-Estetica-Vestuario-Celular:Restaurantes
^
D27/10'2010
MDROGASIL LJ 183 03/03
T-55.54
PDrogaria
LB1. Alimentacao-Drogaria-Vet:Drogaria
^
D27/10'2010
MEXTRA ANHANGUERA 1307
T-292.62
PExtra
LB1. Alimentacao-Drogaria-Vet:Mercado-Padaria-Vinhos
^
D27/10'2010
MKFC SHOPPING OSASCOQPS
T-18.60
PRestaurantes
LC1. Lazer-Estetica-Vestuario-Celular:Restaurantes
^
D27/10'2010
MBIO ALTERNATIVA
T-38.00
POutros
LC1. Lazer-Estetica-Vestuario-Celular:Vestuario Eduardo-Carla
^
D27/10'2010
MNEXT DAY 01/02
T-54.85
POutros
LC1. Lazer-Estetica-Vestuario-Celular:Vestuario Eduardo-Carla
^
D27/10'2010
MFORSTERKIDS
T-65.15
POutros
LC1. Lazer-Estetica-Vestuario-Celular:Vestuario Marina-Felipe
^
D28/10'2010
MPARIS 01/03 - PEUGEOT
T-534.18
POutros
LF. Automoveis:Manutencao-Revisao Auto
^
D28/10'2010
MPARIS 01/03 - PEUGEOT
T0.04
POutros
LB. Outras Receitas:Ajustes
^
D29/10'2010
MSHIOZAWA SHIATSU
T-75.00
POutros
LC1. Lazer-Estetica-Vestuario-Celular:Estetica-Massagem
^
D29/10'2010
MHAVAIANAS SUPER OSASCO
T-41.80
POutros
LC1. Lazer-Estetica-Vestuario-Celular:Vestuario Marina-Felipe
^
D29/10'2010
MLILICA E TIGOR 01/03
T-100.08
POutros
LC1. Lazer-Estetica-Vestuario-Celular:Vestuario Marina-Felipe
^
D29/10'2010
MACOUGUE E DERIVADOS
T-5.19
PSupermercado
LB1. Alimentacao-Drogaria-Vet:Mercado-Padaria-Vinhos
^
D29/10'2010
MDROGA RAIA FL 106
T-61.05
PDrogaria
LB1. Alimentacao-Drogaria-Vet:Drogaria
^
D29/10'2010
MJOANINHA
T-47.00
PRestaurantes
LC1. Lazer-Estetica-Vestuario-Celular:Restaurantes
^
D29/10'2010
MPAO DO PARQUE
T-29.85
PPao do Parque
LB1. Alimentacao-Drogaria-Vet:Mercado-Padaria-Vinhos
^
D29/10'2010
C*
MLILICA E TIGOR 01/03
T0.04
POutros
LC1. Lazer-Estetica-Vestuario-Celular:Vestuario Marina-Felipe
^
D30/10'2010
MKALILI-HIGIENOPOLIS
T-47.62
PRestaurantes
LC1. Lazer-Estetica-Vestuario-Celular:Restaurantes
^
D30/10'2010
MSICILIANO HIGIENOPOLIS
T-135.92
POutros
LE1. Extraordinarias (Ongoing):Presentes
^
D30/10'2010
MCR DIFERENCA COTACAO U$
T37.48
PMastercard Personnalite
LB. Outras Receitas:Ajustes
^
D30/10'2010
MGOL TRANSP AEREOS 03/06 - - TKT COLOMBIA
T-164.80
PGol Linhas Aereas
LG. Reembolsaveis:Despesas de Trabalho
^
D31/10'2010
MGOL TRANSP AEREOS
T0.05
PGol Linhas Aereas
LB. Outras Receitas:Ajustes
^
D31/10'2010
MDEBITO DE IOF
T-0.01
PGoverno
LH. Impostos Federais:CPMF-IOF
^
D01/11'2010
MDROGASIL SA LJ 05802/03
T-68.02
PDrogaria
LB1. Alimentacao-Drogaria-Vet:Drogaria
^
D01/11'2010
MLJ 2068 PAO DE ACUCAR
T-191.73
PPao de Açucar
LB1. Alimentacao-Drogaria-Vet:Mercado-Padaria-Vinhos
^
D01/11'2010
MDROGASIL SA LJ 058
T0.04
PDrogaria
LB1. Alimentacao-Drogaria-Vet:Drogaria
^
D02/11'2010
MEXTRA JAGUARE 1357 QPS
T-22.39
PExtra
LB1. Alimentacao-Drogaria-Vet:Mercado-Padaria-Vinhos
^
D03/11'2010
MDROGA RAIA FL 78 03/03
T-56.80
PDrogaria
LB1. Alimentacao-Drogaria-Vet:Drogaria
^
D03/11'2010
MDECATHLON
T0.15
PDecathlon
LB. Outras Receitas:Ajustes
^
D03/11'2010
MDECATHLON 02/06
T-65.49
PDecathlon
LC1. Lazer-Estetica-Vestuario-Celular:Vestuario Eduardo-Carla
^
D03/11'2010
MVIENA ALBERT EINSTEIN
T-71.80
PRestaurantes
LC1. Lazer-Estetica-Vestuario-Celular:Restaurantes
^
D03/11'2010
MESTACIONAMENTO EINSTEI
T-36.00
PEstapar
LE1. Extraordinarias (Ongoing):Taxi-Estacionamento
^
D03/11'2010
MVIENA ALBERT EINSTEIN
T-21.76
PRestaurantes
LC1. Lazer-Estetica-Vestuario-Celular:Restaurantes
^
D04/11'2010
MKALILI
T-24.11
PRestaurantes
LC1. Lazer-Estetica-Vestuario-Celular:Restaurantes
^
D04/11'2010
MAMERICA VILLA LOBOS
T-84.80
PRestaurantes
LC1. Lazer-Estetica-Vestuario-Celular:Restaurantes
^
D05/11'2010
MSHOP V OLIMP GRANO QPS
T-15.68
PRestaurantes
LC1. Lazer-Estetica-Vestuario-Celular:Restaurantes
^
D06/11'2010
MCHACARA SANTA CECILIA
T-193.93
PRestaurantes
LC1. Lazer-Estetica-Vestuario-Celular:Restaurantes
^
D06/11'2010
MZEKA CABELEREIRO
T-287.00
PZeka Cabelereiro
LC1. Lazer-Estetica-Vestuario-Celular:Estetica-Massagem
^
D07/11'2010
MRESTAURANTE TAYAYA03/03
T-747.16
POutros
LD. Viagens
^
D07/11'2010
MMASSAS RICCI
T-38.60
PRestaurantes
LC1. Lazer-Estetica-Vestuario-Celular:Restaurantes
^
D08/11'2010
MVILA ROMANA VL OLIMPIA
T0.01
PVila Romana
LB. Outras Receitas:Ajustes
^
D08/11'2010
MVILA ROMANA VL OLI02/02
T-77.43
PVila Romana
LC1. Lazer-Estetica-Vestuario-Celular:Vestuario Eduardo-Carla
^
D08/11'2010
MLA ARENA PARRILLA
T-79.86
PRestaurantes
LC1. Lazer-Estetica-Vestuario-Celular:Restaurantes
^
D08/11'2010
MRESTAURANTE LUAR
T-22.80
PRestaurantes
LC1. Lazer-Estetica-Vestuario-Celular:Restaurantes
^
D08/11'2010
MDROGASIL LJ 170
T-82.85
PDrogaria
LB1. Alimentacao-Drogaria-Vet:Drogaria
^
D08/11'2010
MDROGASIL LJ 170 03/03
T-60.95
PDrogaria
LB1. Alimentacao-Drogaria-Vet:Drogaria
^
D09/11'2010
MESTAPAR WTC MELIA HOTE
T-12.60
PEstapar
LE1. Extraordinarias (Ongoing):Taxi-Estacionamento
^
D09/11'2010
MZIG RESTAURANTE
T-28.60
PRestaurantes
LC1. Lazer-Estetica-Vestuario-Celular:Restaurantes
^
D09/11'2010
MESTAPAR AM BRASILIENSE
T-8.40
PEstapar
LE1. Extraordinarias (Ongoing):Taxi-Estacionamento
^
D09/11'2010
MZEKA CABELEREIRO
T-40.00
PZeka Cabelereiro
LC1. Lazer-Estetica-Vestuario-Celular:Estetica-Massagem
^
D10/11'2010
MHAMBURGUERIA NACIONAL
T-58.14
PRestaurantes
LC1. Lazer-Estetica-Vestuario-Celular:Restaurantes
^
D10/11'2010
MESTAPAR HOTEL TRANSAME
T-35.00
PEstapar
LE1. Extraordinarias (Ongoing):Taxi-Estacionamento
^
D11/11'2010
MAUTO POSTO UNIVERSITAR
T-133.00
PCombustível
LF. Automoveis:Combustivel-Lavagem-Oleo
^
D11/11'2010
MPATEO DA LUZ
T-39.27
PRestaurantes
LC1. Lazer-Estetica-Vestuario-Celular:Restaurantes
^
D12/11'2010
MCARTAO PERSONNALITE
T6,522.78
PMastercard Personnalite
L[Itau Personnalité]
^
D12/11'2010
MM.OFFICER-VILLA LO01/03 - CARLA
T-108.68
POutros
LE1. Extraordinarias (Ongoing):Presentes
^
D12/11'2010
MAMERICA VILLA LOBOS
T-55.40
PRestaurantes
LC1. Lazer-Estetica-Vestuario-Celular:Restaurantes
^
D12/11'2010
MDONA DEOLA
T-19.40
PRestaurantes
LC1. Lazer-Estetica-Vestuario-Celular:Restaurantes
^
D12/11'2010
MLIVRARIA CULTURA - MATIAS
T-57.00
POutros
LE1. Extraordinarias (Ongoing):Presentes
^
D12/11'2010
MM.OFFICER-VILLA LO02/03 - CARLA
T-108.68
POutros
LE1. Extraordinarias (Ongoing):Presentes
^
D12/11'2010
MM.OFFICER-VILLA LOBOS
T0.04
POutros
LB. Outras Receitas:Ajustes
^
D13/11'2010
MPAO DO PARQUE
T-18.77
PPao do Parque
LB1. Alimentacao-Drogaria-Vet:Mercado-Padaria-Vinhos
^
D14/11'2010
MAPPLEBEE S ELDORADO
T-106.68
PRestaurantes
LC1. Lazer-Estetica-Vestuario-Celular:Restaurantes
^
D14/11'2010
MAREZZO 03/03
T-76.64
PArezzo
LC1. Lazer-Estetica-Vestuario-Celular:Vestuario Eduardo-Carla
^
D14/11'2010
MO BOTICARIO
T0.02
POutros
LB. Outras Receitas:Ajustes
^
D14/11'2010
MO BOTICARIO 02/03
T-53.74
POutros
LE1. Extraordinarias (Ongoing):Presentes
^
D15/11'2010
MINGRESSO.COM
T-14.30
PIngresso
LC1. Lazer-Estetica-Vestuario-Celular:Cinema-Locadora-Esportes-Diversao
^
D15/11'2010
MINGRESSO.COM
T-14.30
PIngresso
LC1. Lazer-Estetica-Vestuario-Celular:Cinema-Locadora-Esportes-Diversao
^
D16/11'2010
MCREMERIA ARICANDUVA
T-17.00
PRestaurantes
LC1. Lazer-Estetica-Vestuario-Celular:Restaurantes
^
D16/11'2010
MBAKED POTATO QPS
T-16.50
PRestaurantes
LC1. Lazer-Estetica-Vestuario-Celular:Restaurantes
^
D16/11'2010
MMC DONALD S SCP QPS
T-8.00
PRestaurantes
LC1. Lazer-Estetica-Vestuario-Celular:Restaurantes
^
D16/11'2010
MLIVR CULTURA 03/03
T-72.58
POutros
LE1. Extraordinarias (Ongoing):Presentes
^
D16/11'2010
MSALADA GRILL
T-20.13
PRestaurantes
LC1. Lazer-Estetica-Vestuario-Celular:Restaurantes
^
D16/11'2010
MTF CASA COR JOCKEY
T-30.00
POutros
LC1. Lazer-Estetica-Vestuario-Celular:Cinema-Locadora-Esportes-Diversao
^
D17/11'2010
MDROGASIL LJ 170 01/03
T-57.22
PDrogaria
LB1. Alimentacao-Drogaria-Vet:Drogaria
^
D17/11'2010
MSUPERMERCADOS MAMBO
T-464.72
PMambo Supermercado
LB1. Alimentacao-Drogaria-Vet:Mercado-Padaria-Vinhos
^
D17/11'2010
MCENTRO COM SER VENEZ
T-123.01
PCombustível
LF. Automoveis:Combustivel-Lavagem-Oleo
^
